@article{Almada2016,
	title        = {{Molecular circuitry of stem cell fate in skeletal muscle regeneration, ageing and disease}},
	author       = {Almada, Albert E. and Wagers, Amy J.},
	year         = 2016,
	month        = may,
	journal      = {Nature Reviews Molecular Cell Biology},
	volume       = 17,
	number       = 5,
	pages        = {267--279},
	doi          = {10.1038/nrm.2016.7},
	issn         = {1471-0072},
	url          = {http://www.nature.com/articles/nrm.2016.7}
}
@article{Anglani2014,
	title        = {{Loss of connectivity in cancer co-expression networks}},
	author       = {Anglani, Roberto and Creanza, Teresa M. and Liuzzi, Vania C. and Piepoli, Ada and Panza, Anna and Andriulli, Angelo and Ancona, Nicola},
	year         = 2014,
	journal      = {PLoS ONE},
	volume       = 9,
	number       = 1,
	doi          = {10.1371/journal.pone.0087075},
	isbn         = 2009147162,
	issn         = 19326203,
	pmid         = 24489837
}
@article{Ardlie2015,
	title        = {{The Genotype-Tissue Expression (GTEx) pilot analysis: Multitissue gene regulation in humans}},
	author       = {Ardlie, Kristin G. and DeLuca, David S. and Segr{\`{e}}, Ayellet V. and Sullivan, Timothy J. and Young, Taylor R. and Gelfand, Ellen T. and Trowbridge, Casandra A. and Maller, Julian B. and Tukiainen, Taru and Lek, Monkol and Ward, Lucas D. and Kheradpour, Pouya and Iriarte, Benjamin and Meng, Yan and Palmer, Cameron D. and Esko, T{\~{o}}nu and Winckler, Wendy and Hirschhorn, Joel N. and Kellis, Manolis and MacArthur, Daniel G. and Getz, Gad and Shabalin, Andrey A. and Li, Gen and Zhou, Yi Hui and Nobel, Andrew B. and Rusyn, Ivan and Wright, Fred A. and Lappalainen, Tuuli and Ferreira, Pedro G. and Ongen, Halit and Rivas, Manuel A. and Battle, Alexis and Mostafavi, Sara and Monlong, Jean and Sammeth, Michael and Mel{\'{e}}, Marta and Reverter, Ferran and Goldmann, Jakob M. and Koller, Daphne and Guig{\'{o}}, Roderic and McCarthy, Mark I. and Dermitzakis, Emmanouil T. and Gamazon, Eric R. and Im, Hae Kyung and Konkashbaev, Anuar and Nicolae, Dan L. and Cox, Nancy J. and Flutre, Timoth{\'{e}}e and Wen, Xiaoquan and Stephens, Matthew and Pritchard, Jonathan K. and Tu, Zhidong and Zhang, Bin and Huang, Tao and Long, Quan and Lin, Luan and Yang, Jialiang and Zhu, Jun and Liu, Jun and Brown, Amanda and Mestichelli, Bernadette and Tidwell, Denee and Lo, Edmund and Salvatore, Michael and Shad, Saboor and Thomas, Jeffrey A. and Lonsdale, John T. and Moser, Michael T. and Gillard, Bryan M. and Karasik, Ellen and Ramsey, Kimberly and Choi, Christopher and Foster, Barbara A. and Syron, John and Fleming, Johnell and Magazine, Harold and Hasz, Rick and Walters, Gary D. and Bridge, Jason P. and Miklos, Mark and Sullivan, Susan and Barker, Laura K. and Traino, Heather M. and Mosavel, Maghboeba and Siminoff, Laura A. and Valley, Dana R. and Rohrer, Daniel C. and Jewell, Scott D. and Branton, Philip A. and Sobin, Leslie H. and Barcus, Mary and Qi, Liqun and McLean, Jeffrey and Hariharan, Pushpa and Um, Ki Sung and Wu, Shenpei and Tabor, David and Shive, Charles and Smith, Anna M. and Buia, Stephen A. and Undale, Anita H. and Robinson, Karna L. and Roche, Nancy and Valentino, Kimberly M. and Britton, Angela and Burges, Robin and Bradbury, Debra and Hambright, Kenneth W. and Seleski, John and Korzeniewski, Greg E. and Erickson, Kenyon and Marcus, Yvonne and Tejada, Jorge and Taherian, Mehran and Lu, Chunrong and Basile, Margaret and Mash, Deborah C. and Volpi, Simona and Struewing, Jeffery P. and Temple, Gary F. and Boyer, Joy and Colantuoni, Deborah and Little, Roger and Koester, Susan and Carithers, Latarsha J. and Moore, Helen M. and Guan, Ping and Compton, Carolyn and Sawyer, Sherilyn J. and Demchok, Joanne P. and Vaught, Jimmie B. and Rabiner, Chana A. and Lockhart},
	year         = 2015,
	journal      = {Science},
	volume       = 348,
	number       = 6235,
	pages        = {648--660},
	doi          = {10.1126/science.1262110},
	isbn         = {0036-8075},
	issn         = 10959203,
	pmid         = 25954001
}
@article{Armanios2012,
	title        = {{The telomere syndromes.}},
	author       = {Armanios, Mary and Blackburn, Elizabeth H.},
	year         = 2012,
	journal      = {Nature reviews. Genetics},
	volume       = 13,
	number       = 10,
	pages        = {693--704},
	doi          = {10.1038/nrg3246},
	issn         = 14710064,
	pmid         = 22965356
}
@article{Arosio2020Sep,
	title        = {{Thyroid hormones and frailty in persons experiencing extreme longevity}},
	author       = {Arosio, Beatrice and Monti, Daniela and Mari, Daniela and Passarino, Giuseppe and Ostan, Rita and Ferri, Evelyn and De Rango, Francesco and Franceschi, Claudio and Cesari, Matteo and Vitale, Giovanni},
	year         = 2020,
	month        = {Sep},
	journal      = {Exp. Gerontol.},
	publisher    = {Pergamon},
	volume       = 138,
	pages        = 111000,
	doi          = {10.1016/j.exger.2020.111000},
	issn         = {0531-5565}
}
@article{Ashburner2000,
	title        = {{Gene Ontology: tool for the unification of biology}},
	author       = {Ashburner, Michael and Ball, Catherine A. and Blake, Judith A. and Botstein, David and Butler, Heather and Cherry, J. Michael and Davis, Allan P. and Dolinski, Kara and Dwight, Selina S. and Eppig, Janan T. and Harris, Midori A. and Hill, David P. and Issel-Tarver, Laurie and Kasarskis, Andrew and Lewis, Suzanna and Matese, John C. and Richardson, Joel E. and Ringwald, Martin and Rubin, Gerald M. and Sherlock, Gavin},
	year         = 2000,
	month        = {may},
	journal      = {Nature Genetics},
	volume       = 25,
	number       = 1,
	pages        = {25--29},
	doi          = {10.1038/75556},
	issn         = {1061-4036},
	url          = {http://www.nature.com/articles/ng0500{\_}25}
}
@article{Aunan2017,
	title        = {{The biology of aging and cancer: A brief overview of shared and divergent molecular hallmarks}},
	author       = {Aunan, Jan R. and Cho, William C. and S{\o}reide, Kjetil},
	year         = 2017,
	journal      = {Aging and Disease},
	volume       = 8,
	number       = 5,
	pages        = {628--642},
	doi          = {10.14336/AD.2017.0103},
	issn         = 21525250
}
@article{Avelar2019,
	title        = {{A multidimensional systems biology analysis of cellular senescence in ageing and disease}},
	author       = {Avelar, Roberto A. and Ortega, Javier G{\'{o}}mez and Tacutu, Robi and Tyler, Eleanor and Bennett, Dominic and Binetti, Paolo and Budovsky, Arie and Chatsirisupachai, Kasit and Johnson, Emily and Murray, Alex and Shields, Samuel and Tejada‚ÄêMartinez, Daniela and Thornton, Daniel and Fraifeld, Vadim E. and Bishop, Cleo L. and de Magalh{\~{a}}es, Jo{\~{a}}o Pedro},
	year         = 2019,
	journal      = {bioRxiv},
	publisher    = {Genome Biology},
	pages        = {1--22},
	doi          = {10.1101/743781}
}
@article{Azuaje2014,
	title        = {{Selecting biologically informative genes in co-expression networks with a centrality score}},
	author       = {Azuaje, Francisco J.},
	year         = 2014,
	journal      = {Biology Direct},
	volume       = 9,
	number       = 1,
	pages        = 12,
	doi          = {10.1186/1745-6150-9-12},
	isbn         = {1745-6150},
	issn         = 17456150,
	pmid         = 24947308
}
@article{Barabasi2004,
	title        = {{Network biology: Understanding the cell's functional organization}},
	author       = {Barab{\'{a}}si, Albert L{\'{a}}szl{\'{o}} and Oltvai, Zolt{\'{a}}n N.},
	year         = 2004,
	journal      = {Nature Reviews Genetics},
	volume       = 5,
	number       = 2,
	pages        = {101--113},
	doi          = {10.1038/nrg1272},
	isbn         = {1471-0056 (Print) 1471-0056 (Linking)},
	issn         = 14710056,
	pmid         = 14735121
}
@article{Barker2010,
	title        = {Tissue-Resident Adult Stem Cell Populations of Rapidly Self-Renewing Organs},
	author       = {Nick Barker and Sina Bartfeld and Hans Clevers},
	year         = 2010,
	month        = dec,
	journal      = {Cell Stem Cell},
	publisher    = {Elsevier {BV}},
	volume       = 7,
	number       = 6,
	pages        = {656--670},
	doi          = {10.1016/j.stem.2010.11.016},
	url          = {https://doi.org/10.1016/j.stem.2010.11.016}
}
@article{Bechtel2013,
	title        = {{Understanding Biological Mechanisms: Using Illustrations from Circadian Rhythm Research}},
	author       = {Bechtel, William},
	year         = 2013,
	journal      = {History, Philosophy and Theory of the Life Sciences},
	volume       = 1,
	pages        = {487--510},
	doi          = {10.1007/978-94-007-6537-5_22},
	issn         = 22111956
}
@article{Bettley1965,
	title        = {{Textbook of Dermatology}},
	author       = {Bettley, F. R.},
	year         = 1965,
	month        = {jan},
	journal      = {BMJ},
	volume       = 1,
	number       = 5428,
	pages        = {178--178},
	doi          = {10.1136/bmj.1.5428.178},
	isbn         = {0632064293},
	issn         = {0959-8138},
	url          = {https://www.bmj.com/lookup/doi/10.1136/bmj.1.5428.178}
}
@article{Bhuva2019,
	title        = {{Differential co-expression-based detection of conditional relationships in transcriptional data: Comparative analysis and application to breast cancer}},
	author       = {Bhuva, Dharmesh D. and Cursons, Joseph and Smyth, Gordon K. and Davis, Melissa J.},
	year         = 2019,
	journal      = {Genome Biology},
	publisher    = {Genome Biology},
	volume       = 20,
	number       = 1,
	pages        = {1--21},
	doi          = {10.1186/s13059-019-1851-8},
	issn         = {1474760X},
	pmid         = 31727119
}
@article{Bianconi2013,
	title        = {An estimation of the number of cells in the human body},
	author       = {Eva Bianconi and Allison Piovesan and Federica Facchin and Alina Beraudi and Raffaella Casadei and Flavia Frabetti and Lorenza Vitale and Maria Chiara Pelleri and Simone Tassani and Francesco Piva and Soledad Perez-Amodio and Pierluigi Strippoli and Silvia Canaider},
	year         = 2013,
	month        = jul,
	journal      = {Annals of Human Biology},
	publisher    = {Informa {UK} Limited},
	volume       = 40,
	number       = 6,
	pages        = {463--471},
	doi          = {10.3109/03014460.2013.807878},
	url          = {https://doi.org/10.3109/03014460.2013.807878}
}
@article{Bormann2016,
	title        = {{Reduced DNA methylation patterning and transcriptional connectivity define human skin aging}},
	author       = {Bormann, Felix and Rodr{\'{i}}guez-Paredes, Manuel and Hagemann, Sabine and Manchanda, Himanshu and Kristof, Boris and Gutekunst, Julian and Raddatz, G{\"{u}}nter and Haas, Rainer and Terstegen, Lara and Wenck, Horst and Kaderali, Lars and Winnefeld, Marc and Lyko, Frank},
	year         = 2016,
	journal      = {Aging Cell},
	volume       = 15,
	number       = 3,
	pages        = {563--571},
	doi          = {10.1111/acel.12470},
	issn         = 14749726,
	pmid         = 27004597
}
@article{Bulut2017,
	title        = {{Vitamin B12 deficiency might be related to sarcopenia in older adults}},
	author       = {Bulut, Esra Ates and Soysal, Pinar and Aydin, Ali Ekrem and Dokuzlar, Ozge and Kocyigit, Suleyman Emre and Isik, Ahmet Turan},
	year         = 2017,
	journal      = {Experimental Gerontology},
	publisher    = {Elsevier Inc},
	volume       = 95,
	pages        = {136--140},
	doi          = {10.1016/j.exger.2017.05.017},
	issn         = 18736815,
	url          = {http://dx.doi.org/10.1016/j.exger.2017.05.017},
	pmid         = 28549839
}
@article{Carithers2015,
	title        = {{A Novel Approach to High-Quality Postmortem Tissue Procurement: The GTEx Project}},
	author       = {Carithers, Latarsha J. and Ardlie, Kristin and Barcus, Mary and Branton, Philip A. and Britton, Angela and Buia, Stephen A. and Compton, Carolyn C. and Deluca, David S. and Peter-Demchok, Joanne and Gelfand, Ellen T. and Guan, Ping and Korzeniewski, Greg E. and Lockhart, Nicole C. and Rabiner, Chana A. and Rao, Abhi K. and Robinson, Karna L. and Roche, Nancy V. and Sawyer, Sherilyn J. and Segr{\`{e}}, Ayellet V. and Shive, Charles E. and Smith, Anna M. and Sobin, Leslie H. and Undale, Anita H. and Valentino, Kimberly M. and Vaught, Jim and Young, Taylor R. and Moore, Helen M. and Barker, Laura and Basile, Margaret and Battle, Alexis and Boyer, Joy and Bradbury, Debra and Bridge, Jason P. and Brown, Amanda and Burges, Robin and Choi, Christopher and Colantuoni, Deborah and Cox, Nancy and Dermitzakis, Emmanouil T. and Derr, Leslie K. and Dinsmore, Michael J. and Erickson, Kenyon and Fleming, Johnelle and Flutre, Timoth{\'{e}}e and Foster, Barbara A. and Gamazon, Eric R. and Getz, Gad and Gillard, Bryan M. and Guig{\'{o}}, Roderic and Hambright, Kenneth W. and Hariharan, Pushpa and Hasz, Rick and Im, Hae K. and Jewell, Scott and Karasik, Ellen and Kellis, Manolis and Kheradpour, Pouya and Koester, Susan and Koller, Daphne and Konkashbaev, Anuar and Lappalainen, Tuuli and Little, Roger and Liu, Jun and Lo, Edmund and Lonsdale, John T. and Lu, Chunrong and MacArthur, Daniel G. and Magazine, Harold and Maller, Julian B. and Marcus, Yvonne and Mash, Deborah C. and McCarthy, Mark I. and McLean, Jeffrey and Mestichelli, Bernadette and Miklos, Mark and Monlong, Jean and Mosavel, Magboeba and Moser, Michael T. and Mostafavi, Sara and Nicolae, Dan L. and Pritchard, Jonathan and Qi, Liqun and Ramsey, Kimberly and Rivas, Manuel A. and Robles, Barnaby E. and Rohrer, Daniel C. and Salvatore, Mike and Sammeth, Michael and Seleski, John and Shad, Saboor and Siminoff, Laura A. and Stephens, Matthew and Struewing, Jeff and Sullivan, Timothy and Sullivan, Susan and Syron, John and Tabor, David and Taherian, Mehran and Tejada, Jorge and Temple, Gary F. and Thomas, Jeffrey A. and Thomson, Alexander W. and Tidwell, Denee and Traino, Heather M. and Tu, Zhidong and Valley, Dana R. and Volpi, Simona and Walters, Gary D. and Ward, Lucas D. and Wen, Xiaoquan and Winckler, Wendy and Wu, Shenpei and Zhu, Jun and Abdallah, Assya and Addington, Anjene and Anderson, James M. and Bender, Patrick K. and Cosentino, Mark and Diaz-Mayoral, Norma and Engel, Theresa and Garci, Fernando and Green, Allen and Hammond, Tiffanie and Jaffe, Katherine and Keen, Judy and Kennedy, Mary and Kigonya, Peter and Lander, Brent and Nampally, Sreenath and Ny, Cathy and Robb, James and Santhanum, Vikram and Sharopova, Nataliya and Singh, Shilpi and Soria, Conrado and Sturcke, Anne and Sukari, Surendra and Thomson, Elizabeth J. and Tomaszewski, Magda and Trowbridge, Casandra and Udoye, Ferdinand and Vanscoy, David and Vatanian, Negin and Wilder, Elizabeth L. and Williams, Penelope},
	year         = 2015,
	journal      = {Biopreservation and Biobanking},
	volume       = 13,
	number       = 5,
	pages        = {311--317},
	doi          = {10.1089/bio.2015.0032},
	issn         = 19475543,
	pmid         = 26484571
}
@article{Catalano2001May,
	title        = {{Molecular markers predictive of response to chemotherapy in gastrointestinal tumors.}},
	author       = {Catalano, V. and A. M., Baldelli and Giordani, P. and Cascinu, S.},
	year         = 2001,
	month        = {May},
	journal      = {Crit. Rev. Oncol. Hematol.},
	volume       = 38,
	number       = 2,
	pages        = {93--104},
	doi          = {10.1016/s1040-8428(00)00114-1},
	issn         = {1040-8428}
}
@article{Centner2001,
	title        = {{Identification of muscle specific ring finger proteins as potential regulators of the titin kinase domain}},
	author       = {Centner, Thomas and Yano, Junko and Kimura, Eiichi and McElhinny, Abigail S. and Pelin, Katarina and Witt, Christian C. and Bang, Marie Louise and Trombitas, Karoly and Granzier, Henk and Gregorio, Carol C. and Sorimachi, Hiroyuki and Labeit, Siegfried},
	year         = 2001,
	journal      = {Journal of Molecular Biology},
	volume       = 306,
	number       = 4,
	pages        = {717--726},
	doi          = {10.1006/jmbi.2001.4448},
	issn         = {00222836},
	pmid         = 11243782
}
@article{Chen2018,
	title        = {{Candidate genes in gastric cancer identified by constructing a weighted gene co-expression network}},
	author       = {Chen, Jian and Wang, Xiuwen and Hu, Bing and He, Yifu and Qian, Xiaojun and Wang, Wei},
	year         = 2018,
	journal      = {PeerJ},
	volume       = 6,
	pages        = {e4692},
	doi          = {10.7717/peerj.4692}
}
@article{Chou2018,
	title        = {{MiRTarBase update 2018: A resource for experimentally validated microRNA-target interactions}},
	author       = {Chou, Chih Hung and Shrestha, Sirjana and Yang, Chi Dung and Chang, Nai Wen and Lin, Yu Ling and Liao, Kuang Wen and Huang, Wei Chi and Sun, Ting Hsuan and Tu, Siang Jyun and Lee, Wei Hsiang and Chiew, Men Yee and Tai, Chun San and Wei, Ting Yen and Tsai, Tzi Ren and Huang, Hsin Tzu and Wang, Chung Yu and Wu, Hsin Yi and Ho, Shu Yi and Chen, Pin Rong and Chuang, Cheng Hsun and Hsieh, Pei Jung and Wu, Yi Shin and Chen, Wen Liang and Li, Meng Ju and Wu, Yu Chun and Huang, Xin Yi and Ng, Fung Ling and Buddhakosai, Waradee and Huang, Pei Chun and Lan, Kuan Chun and Huang, Chia Yen and Weng, Shun Long and Cheng, Yeong Nan and Liang, Chao and Hsu, Wen Lian and Huang, Hsien Da},
	year         = 2018,
	journal      = {Nucleic Acids Research},
	publisher    = {Oxford University Press},
	volume       = 46,
	number       = {D1},
	pages        = {D296--D302},
	doi          = {10.1093/nar/gkx1067},
	issn         = 13624962,
	pmid         = 29126174
}
@article{Chowdhury2019,
	title        = {{(Differential) Co-Expression Analysis of Gene Expression: A Survey of Best Practices}},
	author       = {Chowdhury, Hussain Ahmed and Bhattacharyya, Dhruba Kumar and Kalita, Jugal K.},
	year         = 2019,
	journal      = {IEEE/ACM Transactions on Computational Biology and Bioinformatics},
	volume       = 1,
	number       = {c},
	pages        = {1--1},
	doi          = {10.1109/tcbb.2019.2893170},
	issn         = {1545-5963}
}
@article{Coclet1989Dec,
	title        = {{CELL POPULATION KINETICS IN DOG AND HUMAN ADULT THYROID}},
	author       = {Coclet, J. and Foureau, F. and Ketelbant, P. and Galand, P. and Dumont, J. E.},
	year         = 1989,
	month        = {Dec},
	journal      = {Clin. Endocrinol.},
	publisher    = {John Wiley {\&} Sons, Ltd},
	volume       = 31,
	number       = 6,
	pages        = {655--666},
	doi          = {10.1111/j.1365-2265.1989.tb01290.x},
	issn         = {0300-0664}
}
@article{Cooper2004Dec,
	title        = {{Thyroid disease in the oldest old: the exception to the rule}},
	author       = {Cooper, David S.},
	year         = 2004,
	month        = {Dec},
	journal      = {JAMA},
	publisher    = {See full text options at Silverchair Information Systems},
	volume       = 292,
	number       = 21,
	pages        = {2651--2654},
	doi          = {10.1001/jama.292.21.2651},
	issn         = {1538-3598},
	eprint       = 15572724
}
@article{Costa2003,
	title        = {Transcription factors in liver development,  differentiation,  and regeneration},
	author       = {Robert H. Costa and Vladimir V. Kalinichenko and Ai-Xuan L. Holterman and Xinhe Wang},
	year         = 2003,
	month        = dec,
	journal      = {Hepatology},
	publisher    = {Wiley},
	volume       = 38,
	number       = 6,
	pages        = {1331--1347},
	doi          = {10.1016/j.hep.2003.09.034},
	url          = {https://doi.org/10.1016/j.hep.2003.09.034}
}
@article{Craig2015,
	title        = {{The Digital Ageing Atlas: Integrating the diversity of age-related changes into a unified resource}},
	author       = {Craig, Thomas and Smelick, Chris and Tacutu, Robi and Wuttke, Daniel and Wood, Shona H. and Stanley, Henry and Janssens, Georges and Savitskaya, Ekaterina and Moskalev, Alexey and Arking, Robert and {De Magalh{\~{a}}es}, Jo{\~{a}}o Pedro},
	year         = 2015,
	journal      = {Nucleic Acids Research},
	volume       = 43,
	number       = {D1},
	pages        = {D873--D878},
	doi          = {10.1093/nar/gku843},
	issn         = 13624962,
	pmid         = 25232097
}
@article{Cullinane2011Oct,
	title        = {{Homozygosity mapping and whole-exome sequencing to detect SLC45A2 and G6PC3 mutations in a single patient with oculocutaneous albinism and neutropenia}},
	author       = {Cullinane, Andrew R. and Vilboux, Thierry and O'Brien, Kevin and Curry, James A. and Maynard, Dawn M. and Carlson-Donohoe, Hannah and Ciccone, Carla and {NISC Comparative Sequencing Program} and Markello, Thomas C. and Gunay-Aygun, Meral and Huizing, Marjan and Gahl, William A.},
	year         = 2011,
	month        = {Oct},
	journal      = {J. Invest. Dermatol.},
	publisher    = {See full text options at Elsevier Science},
	volume       = 131,
	number       = 10,
	pages        = {2017--2025},
	doi          = {10.1038/jid.2011.157},
	issn         = {1523-1747},
	eprint       = 21677667
}
@article{DeCecco2019Feb,
	title        = {{L1 drives IFN in senescent cells and promotes age-associated inflammation}},
	author       = {De Cecco, Marco and Ito, Takahiro and Petrashen, Anna P. and Elias, Amy E. and Skvir, Nicholas J. and Criscione, Steven W. and Caligiana, Alberto and Brocculi, Greta and Adney, Emily M. and Boeke, Jef D. and Le, Oanh and Beaus{\ifmmode\acute{e}\else\'{e}\fi}jour, Christian and Ambati, Jayakrishna and Ambati, Kameshwari and Simon, Matthew and Seluanov, Andrei and Gorbunova, Vera and Slagboom, P. Eline and Helfand, Stephen L. and Neretti, Nicola and Sedivy, John M.},
	year         = 2019,
	month        = {Feb},
	journal      = {Nature},
	publisher    = {Nature Publishing Group},
	volume       = 566,
	pages        = {73--78},
	doi          = {10.1038/s41586-018-0784-9},
	issn         = {1476-4687}
}
@article{Dee2013Jan,
	title        = {{Defective neural crest migration revealed by a Zebrafish model of Alx1-related frontonasal dysplasia}},
	author       = {Dee, Chris T. and Szymoniuk, Christoph R. and Mills, Peter E. D. and Takahashi, Tokiharu},
	year         = 2013,
	month        = {Jan},
	journal      = {Hum. Mol. Genet.},
	publisher    = {Oxford Academic},
	volume       = 22,
	number       = 2,
	pages        = {239--251},
	doi          = {10.1093/hmg/dds423},
	issn         = {0964-6906}
}
@article{delaPava1963,
	title        = {Melanosis of the esophagus},
	author       = {Samuel de la Pava and Goryun Nigogosyan and John W. Pickren and Aurelio Cabrera},
	year         = 1963,
	month        = jan,
	journal      = {Cancer},
	publisher    = {Wiley},
	volume       = 16,
	number       = 1,
	pages        = {48--50},
	doi          = {10.1002/1097-0142(196301)16:1<48::aid-cncr2820160107>3.0.co;2-m},
	url          = {https://doi.org/10.1002/1097-0142(196301)16:1<48::aid-cncr2820160107>3.0.co;2-m}
}
@article{DeMagalhaes2004,
	title        = {{GenAge: A genomic and proteomic network map of human ageing}},
	author       = {{De Magalh{\~{a}}es}, Jo{\~{a}}o Pedro and Toussaint, Olivier},
	year         = 2004,
	journal      = {FEBS Letters},
	volume       = 571,
	number       = {1-3},
	pages        = {243--247},
	doi          = {10.1016/j.febslet.2004.07.006},
	issn         = {00145793},
	pmid         = 15280050
}
@article{DeMagalhaes2009a,
	title        = {{Meta-analysis of age-related gene expression profiles identifies common signatures of aging}},
	author       = {de Magalh{\~{a}}es, Jo{\~{a}}o Pedro and Curado, Jo{\~{a}}o and Church, George M.},
	year         = 2009,
	journal      = {Bioinformatics},
	volume       = 25,
	number       = 7,
	pages        = {875--881},
	doi          = {10.1093/bioinformatics/btp073},
	issn         = 13674803,
	pmid         = 19189975
}
@article{deMagalhes2003,
	title        = {{Is mammalian aging genetically controlled?}},
	author       = {Jo{\~{a}}o Pedro de Magalh{\~{a}}es},
	year         = 2003,
	month        = {Mar},
	journal      = {Biogerontology},
	publisher    = {Kluwer Academic Publishers},
	volume       = 4,
	number       = 2,
	pages        = {119--120},
	doi          = {10.1023/A:1023356005749},
	issn         = {1573-6768}
}
@article{Dong2007,
	title        = {{Understanding network concepts in modules}},
	author       = {Dong, Jun and Horvath, Steve},
	year         = 2007,
	journal      = {BMC Systems Biology},
	volume       = 1,
	pages        = {1--20},
	doi          = {10.1186/1752-0509-1-24},
	issn         = 17520509,
	pmid         = 17547772
}
@article{ElAssar2013,
	title        = {{Oxidative stress and vascular inflammation in aging}},
	author       = {{El Assar}, Mariam and Angulo, Javier and Rodr{\'{i}}guez-Ma{\~{n}}as, Leocadio},
	year         = 2013,
	journal      = {Free Radical Biology and Medicine},
	publisher    = {Elsevier},
	volume       = 65,
	pages        = {380--401},
	doi          = {10.1016/j.freeradbiomed.2013.07.003},
	issn         = {08915849},
	url          = {http://dx.doi.org/10.1016/j.freeradbiomed.2013.07.003},
	pmid         = 23851032
}
@article{Elliott2010,
	title        = {{Apolipoproteins in the brain: Implications for neurological and psychiatric disorders}},
	author       = {Elliott, David A. and Weickert, Cyndi Shannon and Garner, Brett},
	year         = 2010,
	journal      = {Clinical Lipidology},
	volume       = 5,
	number       = 4,
	pages        = {555--573},
	doi          = {10.2217/clp.10.37},
	issn         = 17460875
}
@article{Fabregat2016,
	title        = {{The reactome pathway knowledgebase}},
	author       = {Fabregat, Antonio and Sidiropoulos, Konstantinos and Garapati, Phani and Gillespie, Marc and Hausmann, Kerstin and Haw, Robin and Jassal, Bijay and Jupe, Steven and Korninger, Florian and McKay, Sheldon and Matthews, Lisa and May, Bruce and Milacic, Marija and Rothfels, Karen and Shamovsky, Veronica and Webber, Marissa and Weiser, Joel and Williams, Mark and Wu, Guanming and Stein, Lincoln and Hermjakob, Henning and D'Eustachio, Peter},
	year         = 2016,
	journal      = {Nucleic Acids Research},
	volume       = 44,
	number       = {D1},
	pages        = {D481--D487},
	doi          = {10.1093/nar/gkv1351},
	issn         = 13624962,
	pmid         = 26656494
}
@article{Faggiano2011Sep,
	title        = {{Thyroid diseases in elderly}},
	author       = {Faggiano, A. and Del Prete, M. and Marciello, F. and Marotta, V. and Ramundo, V. and Colao, A.},
	year         = 2011,
	month        = {Sep},
	journal      = {Minerva Endocrinol.},
	publisher    = {See full text options at Minerva Medica},
	volume       = 36,
	number       = 3,
	pages        = {211--231},
	issn         = {0391-1977},
	url          = {https://pubmed.ncbi.nlm.nih.gov/22019751},
	eprint       = 22019751
}
@article{Fan2018,
	title        = {{Kr{\"{u}}ppel-like factor 15: Regulator of BCAA metabolism and circadian protein rhythmicity}},
	author       = {Fan, Liyan and Hsieh, Paishiun N. and Sweet, David R. and Jain, Mukesh K.},
	year         = 2018,
	journal      = {Pharmacological Research},
	publisher    = {Elsevier Ltd},
	volume       = 130,
	pages        = {123--126},
	doi          = {10.1016/j.phrs.2017.12.018},
	issn         = 10961186,
	url          = {http://dx.doi.org/10.1016/j.phrs.2017.12.018},
	pmid         = 29288718
}
@article{Farage2008,
	title        = {{Intrinsic and extrinsic factors in skin ageing: A review}},
	author       = {Farage, M. A. and Miller, K. W. and Elsner, P. and Maibach, H. I.},
	year         = 2008,
	journal      = {International Journal of Cosmetic Science},
	volume       = 30,
	number       = 2,
	pages        = {87--95},
	doi          = {10.1111/j.1468-2494.2007.00415.x},
	isbn         = {1468-2494 (Electronic)$\backslash$r0142-5463 (Linking)},
	issn         = {01425463},
	archiveprefix = {arXiv},
	arxivid      = {NIHMS150003},
	eprint       = {NIHMS150003},
	pmid         = 18377617
}
@article{Finch2016,
	title        = {Constant molecular aging rates vs. the exponential acceleration of mortality},
	author       = {Caleb E. Finch and Eileen M. Crimmins},
	year         = 2016,
	month        = {jan},
	journal      = {Proceedings of the National Academy of Sciences},
	publisher    = {Proceedings of the National Academy of Sciences},
	volume       = 113,
	number       = 5,
	pages        = {1121--1123},
	doi          = {10.1073/pnas.1524017113},
	url          = {https://doi.org/10.1073/pnas.1524017113}
}
@article{Fisher2002,
	title        = {{Mechanisms of photoaging and chronological skin aging}},
	author       = {Fisher, Gary J. and Kang, Sewon and Varani, James and Bata-Csorgo, Zsuzsanna and Wan, Yinsheng and Datta, Subhash and Voorhees, John J.},
	year         = 2002,
	journal      = {Archives of Dermatology},
	volume       = 138,
	number       = 11,
	pages        = {1462--1470},
	doi          = {10.1001/archderm.138.11.1462},
	isbn         = {0003-987X (Print)$\backslash$n0003-987X (Linking)},
	issn         = {0003987X},
	pmid         = 12437452
}
@article{Fitzgerald2011Jan,
	title        = {{The Interferon Inducible Gene: Viperin}},
	author       = {Fitzgerald, Katherine A.},
	year         = 2011,
	month        = {Jan},
	journal      = {J. Interferon Cytokine Res.},
	publisher    = {Mary Ann Liebert, Inc., publishers},
	volume       = 31,
	number       = 1,
	pages        = {131--135},
	doi          = {10.1089/jir.2010.0127},
	issn         = {1079-9907}
}
@article{Food1994Jan,
	title        = {{Transport and expression in human melanomas of a transferrin-like glycosylphosphatidylinositol-anchored protein.}},
	author       = {Food, M. R. and Rothenberger, S. and Gabathuler, R. and Haidl, I. D. and Reid, G. and Jefferies, W. A.},
	year         = 1994,
	month        = {Jan},
	journal      = {J. Biol. Chem.},
	publisher    = {Elsevier},
	volume       = 269,
	number       = 4,
	pages        = {3034--3040},
	doi          = {10.1016/S0021-9258(17)42043-6},
	issn         = {0021-9258}
}
@article{Franceschi2014Jun,
	title        = {{Chronic Inflammation (Inflammaging) and Its Potential Contribution to Age-Associated Diseases}},
	author       = {Franceschi, Claudio and Campisi, Judith},
	year         = 2014,
	month        = {Jun},
	journal      = {J. Gerontol. A Biol. Sci. Med. Sci.},
	publisher    = {Oxford Academic},
	volume       = 69,
	number       = {Suppl\_1},
	pages        = {S4--S9},
	doi          = {10.1093/gerona/glu057},
	issn         = {1079-5006}
}
@article{Franceschi2017,
	title        = {Inflammaging and `Garb-aging'},
	author       = {Claudio Franceschi and Paolo Garagnani and Giovanni Vitale and Miriam Capri and Stefano Salvioli},
	year         = 2017,
	month        = mar,
	journal      = {Trends in Endocrinology {\&} Metabolism},
	publisher    = {Elsevier {BV}},
	volume       = 28,
	number       = 3,
	pages        = {199--212},
	doi          = {10.1016/j.tem.2016.09.005},
	url          = {https://doi.org/10.1016/j.tem.2016.09.005}
}
@article{Franchini2006,
	title        = {Hemostasis and aging},
	author       = {Massimo Franchini},
	year         = 2006,
	month        = nov,
	journal      = {Critical Reviews in Oncology/Hematology},
	publisher    = {Elsevier {BV}},
	volume       = 60,
	number       = 2,
	pages        = {144--151},
	doi          = {10.1016/j.critrevonc.2006.06.004},
	url          = {https://doi.org/10.1016/j.critrevonc.2006.06.004}
}
@article{Frisch2020,
	title        = {Type I interferons and related pathways in cell senescence},
	author       = {Steven M. Frisch and Ian P. MacFawn},
	year         = 2020,
	month        = sep,
	journal      = {Aging Cell},
	publisher    = {Wiley},
	volume       = 19,
	number       = 10,
	doi          = {10.1111/acel.13234},
	url          = {https://doi.org/10.1111/acel.13234}
}
@article{Furuhata1996Nov,
	title        = {{Isolation of a novel GPI-anchored gene specifically regulated by p53; correlation between its expression and anti-cancer drug sensitivity}},
	author       = {Furuhata, T. and Tokino, T. and Urano, T. and Nakamura, Y.},
	year         = 1996,
	month        = {Nov},
	journal      = {Oncogene},
	publisher    = {Oncogene},
	volume       = 13,
	number       = 9,
	pages        = {1965--1970},
	issn         = {0950-9232},
	url          = {https://pubmed.ncbi.nlm.nih.gov/8934543},
	eprint       = 8934543
}
@article{Gabor2009,
	title        = {{The igraph software package for complex network research}},
	author       = {Gabor, Csardi and Tamas, Nepusz},
	year         = 2006,
	journal      = {InterJournal Complex Systems},
	volume       = 1695
}
@article{Garasto2017Jul,
	title        = {{Thyroid hormones in extreme longevity}},
	author       = {Garasto, Sabrina and Montesanto, Alberto and Corsonello, Andrea and Lattanzio, Fabrizia and Fusco, Sergio and Passarino, Giuseppe and Prestipino Giarritta, Valeria and Corica, Francesco},
	year         = 2017,
	month        = {Jul},
	journal      = {Mech. Ageing Dev.},
	publisher    = {Elsevier},
	volume       = 165,
	pages        = {98--106},
	doi          = {10.1016/j.mad.2017.03.002},
	issn         = {0047-6374}
}
@article{Gilchrest1979,
	title        = {Effects of Aging and Chronic Sun Exposure on Melanocytes in Human Skin},
	author       = {Barbara A. Gilchrest and Frederick B. Blog and George Szabo},
	year         = 1979,
	month        = aug,
	journal      = {Journal of Investigative Dermatology},
	publisher    = {Elsevier {BV}},
	volume       = 73,
	number       = 2,
	pages        = {141--143},
	doi          = {10.1111/1523-1747.ep12581580},
	url          = {https://doi.org/10.1111/1523-1747.ep12581580}
}
@article{Ginger2008,
	title        = {{SLC}24A5 Encodes a trans-Golgi Network Protein with Potassium-dependent Sodium-Calcium Exchange Activity That Regulates Human Epidermal Melanogenesis},
	author       = {Rebecca S. Ginger and Sarah E. Askew and Richard M. Ogborne and Stephen Wilson and Dudley Ferdinando and Tony Dadd and Adrian M. Smith and Shubana Kazi and Robert T. Szerencsei and Robert J. Winkfein and Paul P.M. Schnetkamp and Martin R. Green},
	year         = 2008,
	month        = feb,
	journal      = {Journal of Biological Chemistry},
	publisher    = {Elsevier {BV}},
	volume       = 283,
	number       = 9,
	pages        = {5486--5495},
	doi          = {10.1074/jbc.m707521200},
	url          = {https://doi.org/10.1074/jbc.m707521200}
}
@article{Gligorijevic2018,
	title        = {{Structural and functional changes of fibrinogen due to aging}},
	author       = {Gligorijevi{\'{c}}, Nikola and {Z{\'{a}}morov{\'{a}} Kri{\v{z}}{\'{a}}kov{\'{a}}}, Martina and Penezi{\'{c}}, Ana and Katrl{\'{i}}k, Jaroslav and Nedi{\'{c}}, Olgica},
	year         = 2018,
	journal      = {International Journal of Biological Macromolecules},
	volume       = 108,
	pages        = {1028--1034},
	doi          = {10.1016/j.ijbiomac.2017.11.016},
	issn         = 18790003,
	pmid         = 29137999
}
@article{Gopinath2008,
	title        = {{Stem Cell Review Series: Aging of the skeletal muscle stem cell niche}},
	author       = {Gopinath, Suchitra D. and Rando, Thomas A.},
	year         = 2008,
	journal      = {Aging Cell},
	volume       = 7,
	number       = 4,
	pages        = {590--598},
	doi          = {10.1111/j.1474-9726.2008.00399.x},
	issn         = 14749718,
	pmid         = 18462272
}
@article{Gov2017,
	title        = {{Differential co-expression analysis reveals a novel prognostic gene module in ovarian cancer}},
	author       = {Gov, Esra and Arga, Kazim Yalcin},
	year         = 2017,
	journal      = {Scientific Reports},
	publisher    = {Springer US},
	volume       = 7,
	number       = 1,
	pages        = {1--10},
	doi          = {10.1038/s41598-017-05298-w},
	issn         = 20452322,
	pmid         = 28694494
}
@article{Graaf2017,
	title        = {{Gene co-expression analysis for functional classification and gene‚Äìdisease predictions}},
	author       = {van Dam, Sipko and V{\~{o}}sa, Urmo and van der Graaf, Adriaan and Franke, Lude and de Magalh{\~{a}}es, Jo{\~{a}}o Pedro},
	year         = 2017,
	journal      = {Briefings in Bioinformatics},
	number       = {December 2016},
	pages        = {bbw139},
	doi          = {10.1093/bib/bbw139},
	isbn         = {1477-4054 (Electronic)$\backslash$r1467-5463 (Linking)},
	issn         = {1467-5463},
	url          = {https://academic.oup.com/bib/article-lookup/doi/10.1093/bib/bbw139},
	pmid         = 28077403
}
@article{Gray2002,
	title        = {{The Kr{\"{u}}ppel-like factor KLF15 regulates the insulin-sensitive glucose transporter GLUT4}},
	author       = {Gray, Susan and Feinberg, Mark W. and Hull, Sarah and Kuo, Chay T. and Watanabe, Masafumi and Sen, Sucharita and Depina, Ana and Haspel, Richard and Jain, Mukesh K.},
	year         = 2002,
	journal      = {Journal of Biological Chemistry},
	volume       = 277,
	number       = 37,
	pages        = {34322--34328},
	doi          = {10.1074/jbc.M201304200},
	issn         = {00219258},
	pmid         = 12097321
}
@article{Gysi2018,
	title        = {{wTO: An R package for computing weighted topological overlap and a consensus network with integrated visualization tool}},
	author       = {Gysi, Deisy Morselli and Voigt, Andre and Fragoso, Tiago De Miranda and Almaas, Eivind and Nowick, Katja},
	year         = 2018,
	journal      = {BMC Bioinformatics},
	publisher    = {BMC Bioinformatics},
	volume       = 19,
	number       = 1,
	pages        = {1--16},
	doi          = {10.1186/s12859-018-2351-7},
	isbn         = 1285901823517,
	issn         = 14712105
}
@article{Gysi2020,
	title        = {{Whole transcriptomic network analysis using Co-expression Differential Network Analysis (CoDiNA)}},
	author       = {Gysi, Deisy Morselli and {de Miranda Fragoso}, Tiago and Zebardast, Fatemeh and Bertoli, Wesley and Busskamp, Volker and Almaas, Eivind and Nowick, Katja},
	year         = 2020,
	journal      = {PLoS ONE},
	volume       = 15,
	number       = {10 October},
	pages        = {1--28},
	doi          = {10.1371/journal.pone.0240523},
	isbn         = 1111111111,
	issn         = 19326203,
	url          = {http://dx.doi.org/10.1371/journal.pone.0240523},
	pmid         = 33057419
}
@article{Hahn2005,
	title        = {{Comparative genomics of centrality and essentiality in three eukaryotic protein-interaction networks}},
	author       = {Hahn, Matthew W. and Kern, Andrew D.},
	year         = 2005,
	journal      = {Molecular Biology and Evolution},
	volume       = 22,
	number       = 4,
	pages        = {803--806},
	doi          = {10.1093/molbev/msi072},
	issn         = {07374038},
	pmid         = 15616139
}
@incollection{Hakozaki2016Sep,
	title        = {{Hyperpigmentation in Aging Skin}},
	author       = {Hakozaki, Tomohiro and Swanson, Cheri L. and Bissett, Donald L.},
	year         = 2016,
	month        = {Sep},
	journal      = {SpringerLink},
	booktitle    = {{Textbook of Aging Skin}},
	publisher    = {Springer},
	address      = {Berlin, Germany},
	pages        = {1017--1026},
	doi          = {10.1007/978-3-662-47398-6_51},
	isbn         = {978-3-662-47397-9}
}
@article{Hamosh2005,
	title        = {Online Mendelian Inheritance in Man (OMIM), a knowledgebase of human genes and genetic disorders},
	author       = {Hamosh, Ada and Scott, Alan F. and Amberger, Joanna S. and Bocchini, Carol A. and McKusick, Victor A.},
	year         = 2005,
	month        = {01},
	journal      = {Nucleic Acids Research},
	volume       = 33,
	number       = {suppl\_1},
	pages        = {D514-D517},
	doi          = {10.1093/nar/gki033},
	issn         = {0305-1048},
	url          = {https://doi.org/10.1093/nar/gki033},
	eprint       = {https://academic.oup.com/nar/article-pdf/33/suppl\_1/D514/7621651/gki033.pdf}
}
@article{Han2003,
	title        = {{VDUP1 upregulated by TGF-$\beta$1 and 1,25-dihydorxyvitamin D3 inhibits tumor cell growth by blocking cell-cycle progression}},
	author       = {Han, Seung Hyun and Jeon, Jun Ho and Ju, Hyang Ran and Jung, Uhee and Kim, Kun Young and Yoo, Hyang Sook and Lee, Young Ho and Song, Kyu Sang and Hwang, Ho Myeung and Na, Yoon Sook and Yang, Young and Lee, Kee Nyung and Choi, Inpyo},
	year         = 2003,
	journal      = {Oncogene},
	volume       = 22,
	number       = 26,
	pages        = {4035--4046},
	doi          = {10.1038/sj.onc.1206610},
	issn         = {09509232},
	pmid         = 12821938
}
@article{Hartwell1999,
	title        = {{From molecular to modular cell biology}},
	author       = {Hartwell, Leland H. and Hopfield, John J. and Leibler, Stanislas and Murray, Andrew W.},
	year         = 1999,
	journal      = {Nature},
	volume       = 402,
	number       = {6761 SUPPL. 1},
	pages        = {47--52},
	doi          = {10.1038/35011540},
	issn         = {00280836},
	pmid         = 10591225
}
@article{Hayflick2000,
	title        = {The future of ageing},
	author       = {Leonard Hayflick},
	year         = 2000,
	month        = nov,
	journal      = {Nature},
	publisher    = {Springer Science and Business Media {LLC}},
	volume       = 408,
	number       = 6809,
	pages        = {267--269},
	doi          = {10.1038/35041709},
	url          = {https://doi.org/10.1038/35041709}
}
@article{Hirschfield2003,
	title        = {C-reactive protein and cardiovascular disease: new insights from an old molecule},
	author       = {G.M. Hirschfield and M.B. Pepys},
	year         = 2003,
	month        = nov,
	journal      = {{QJM}: An International Journal of Medicine},
	publisher    = {Oxford University Press ({OUP})},
	volume       = 96,
	number       = 11,
	pages        = {793--807},
	doi          = {10.1093/qjmed/hcg134},
	url          = {https://doi.org/10.1093/qjmed/hcg134}
}
@article{Hishiya2006,
	title        = {{A novel ubiquitin-binding protein ZNF216 functioning in muscle atrophy}},
	author       = {Hishiya, Akinori and Iemura, Shun-ichiro and Natsume, Tohru and Takayama, Shinichi and Ikeda, Kyoji and Watanabe, Ken},
	year         = 2006,
	month        = feb,
	journal      = {The EMBO Journal},
	volume       = 25,
	number       = 3,
	pages        = {554--564},
	doi          = {10.1038/sj.emboj.7600945},
	issn         = {0261-4189},
	url          = {http://emboj.embopress.org/cgi/doi/10.1038/sj.emboj.7600945},
	pmid         = 16424905
}
@article{Hoffmann2007Aug,
	title        = {{Identification of CLEC12B, an Inhibitory Receptor on Myeloid Cells {$\ast$}}},
	author       = {Hoffmann, Sabrina C. and Schellack, Carola and Textor, Sonja and Konold, Stephanie and Schmitz, Debora and Cerwenka, Adelheid and Pflanz, Stefan and Watzl, Carsten},
	year         = 2007,
	month        = {Aug},
	journal      = {J. Biol. Chem.},
	publisher    = {Elsevier},
	volume       = 282,
	number       = 31,
	pages        = {22370--22375},
	doi          = {10.1074/jbc.M704250200},
	issn         = {0021-9258}
}
@article{Hsu2019,
	title        = {{Six novel immunoglobulin genes as biomarkers for better prognosis in triple-negative breast cancer by gene co-expression network analysis}},
	author       = {Hsu, Huan Ming and Chu, Chi Ming and Chang, Yu Jia and Yu, Jyh Cherng and Chen, Chien Ting and Jian, Chen En and Lee, Chia Yi and Chiang, Yueh Tao and Chang, Chi Wen and Chang, Yu Tien},
	year         = 2019,
	journal      = {Scientific Reports},
	publisher    = {Springer US},
	volume       = 9,
	number       = 1,
	pages        = {1--12},
	doi          = {10.1038/s41598-019-40826-w},
	issn         = 20452322,
	url          = {http://dx.doi.org/10.1038/s41598-019-40826-w}
}
@article{Hu2014,
	title        = {{Using VisANT to analyze networks}},
	author       = {Hu, Zhenjun},
	year         = 2014,
	booktitle    = {Current Protocols in Bioinformatics},
	number       = {SUPPL.45},
	pages        = {1--39},
	doi          = {10.1002/0471250953.bi0808s45},
	isbn         = {0471250953},
	issn         = {1934340X},
	pmid         = 25422679
}
@article{Hudson2009,
	title        = {{A differential wiring analysis of expression data correctly identifies the gene containing the causal mutation}},
	author       = {Hudson, Nicholas J. and Reverter, Antonio and Dalrymple, Brian P.},
	year         = 2009,
	journal      = {PLoS Computational Biology},
	volume       = 5,
	number       = 5,
	doi          = {10.1371/journal.pcbi.1000382},
	issn         = {1553734X},
	pmid         = 19412532
}
@article{Hughes2000,
	title        = {{Functional Discovery via a Compendium of Expression Profiles}},
	author       = {Hughes, Timothy R and Marton, Matthew J and Jones, Allan R and Roberts, Christopher J and Stoughton, Roland and Armour, Christopher D and Bennett, Holly A and Coffey, Ernest and Dai, Hongyue and He, Yudong D and Kidd, Matthew J and King, Amy M and Meyer, Michael R and Slade, David and Lum, Pek Y and Stepaniants, Sergey B and Shoemaker, Daniel D and Gachotte, Daniel and Chakraburtty, Kalpana and Simon, Julian and Bard, Martin and Friend, Stephen H},
	year         = 2000,
	month        = {jul},
	journal      = {Cell},
	volume       = 102,
	number       = 1,
	pages        = {109--126},
	doi          = {10.1016/S0092-8674(00)00015-5},
	issn         = {00928674},
	url          = {https://linkinghub.elsevier.com/retrieve/pii/S0092867400000155}
}
@article{Infante2018,
	title        = {Osteogenesis and aging: lessons from mesenchymal stem cells},
	author       = {Arantza Infante and Clara I. Rodr{\'{\i}}guez},
	year         = 2018,
	month        = sep,
	journal      = {Stem Cell Research {\&} Therapy},
	publisher    = {Springer Science and Business Media {LLC}},
	volume       = 9,
	number       = 1,
	doi          = {10.1186/s13287-018-0995-x},
	url          = {https://doi.org/10.1186/s13287-018-0995-x}
}
@article{Janssen2002,
	title        = {{Low relative skeletal muscle mass (sarcopenia) in older persons is associated with functional impairment and physical disability}},
	author       = {Janssen, Ian and Heymsfield, Steven B. and Ross, Robert},
	year         = 2002,
	journal      = {Journal of the American Geriatrics Society},
	volume       = 50,
	number       = 5,
	pages        = {889--896},
	doi          = {10.1046/j.1532-5415.2002.50216.x},
	issn         = {00028614},
	pmid         = 12028177
}
@article{Jiao2017,
	title        = {{Skeletal muscle autophagy and its role in sarcopenia and organismal aging}},
	author       = {Jiao, Jianqin and Demontis, Fabio},
	year         = 2017,
	journal      = {Current Opinion in Pharmacology},
	publisher    = {Elsevier Ltd},
	volume       = 34,
	pages        = {1--6},
	doi          = {10.1016/j.coph.2017.03.009},
	issn         = 14714973,
	url          = {http://dx.doi.org/10.1016/j.coph.2017.03.009},
	pmid         = 28407519
}
@article{Kanehisa2019,
	title        = {{New approach for understanding genome variations in KEGG}},
	author       = {Kanehisa, Minoru and Sato, Yoko and Furumichi, Miho and Morishima, Kanae and Tanabe, Mao},
	year         = 2019,
	journal      = {Nucleic Acids Research},
	publisher    = {Oxford University Press},
	volume       = 47,
	number       = {D1},
	pages        = {D590--D595},
	doi          = {10.1093/nar/gky962},
	issn         = 13624962,
	pmid         = 30321428
}
@article{Kario1993,
	title        = {Lipid-related hemostatic abnormalities in the elderly: imbalance between coagulation and fibrinolysis},
	author       = {Kazuomi Kario and Takefumi Matsuo},
	year         = 1993,
	month        = nov,
	journal      = {Atherosclerosis},
	publisher    = {Elsevier {BV}},
	volume       = 103,
	number       = 2,
	pages        = {131--138},
	doi          = {10.1016/0021-9150(93)90256-t},
	url          = {https://doi.org/10.1016/0021-9150(93)90256-t}
}
@article{Kaufmann1987,
	title        = {{Clustering by Means of Medoids}},
	author       = {Kaufmann, Leonard and Rousseeuw, Peter},
	year         = 1987,
	journal      = {Data Analysis based on the L1-Norm and Related Methods},
	pages        = {405--416},
	url          = {https://wis.kuleuven.be/stat/robust/papers/publications-1987/kaufmanrousseeuw-clusteringbymedoids-l1norm-1987.pdf}
}
@article{Kleinberg1999a,
	title        = {{Authoritative sources in a hyperlinked environment}},
	author       = {Kleinberg, Jon M.},
	year         = 1999,
	journal      = {Journal of the ACM},
	volume       = 46,
	number       = 5,
	pages        = {604--632},
	doi          = {10.1145/324133.324140},
	issn         = 45411
}
@article{Kohler2019,
	title        = {{Expansion of the Human Phenotype Ontology (HPO) knowledge base and resources}},
	author       = {K{\"{o}}hler, Sebastian and Carmody, Leigh and Vasilevsky, Nicole and Jacobsen, Julius O B and Danis, Daniel and Gourdine, Jean Philippe and Gargano, Michael and Harris, Nomi L and Matentzoglu, Nicolas and McMurry, Julie A and Osumi-Sutherland, David and Cipriani, Valentina and Balhoff, James P and Conlin, Tom and Blau, Hannah and Baynam, Gareth and Palmer, Richard and Gratian, Dylan and Dawkins, Hugh and Segal, Michael and Jansen, Anna C and Muaz, Ahmed and Chang, Willie H and Bergerson, Jenna and Laulederkind, Stanley J F and Y{\"{u}}ksel, Zafer and Beltran, Sergi and Freeman, Alexandra F and Sergouniotis, Panagiotis I and Durkin, Daniel and Storm, Andrea L and Hanauer, Marc and Brudno, Michael and Bello, Susan M and Sincan, Murat and Rageth, Kayli and Wheeler, Matthew T and Oegema, Renske and Lourghi, Halima and {Della Rocca}, Maria G and Thompson, Rachel and Castellanos, Francisco and Priest, James and Cunningham-Rundles, Charlotte and Hegde, Ayushi and Lovering, Ruth C and Hajek, Catherine and Olry, Annie and Notarangelo, Luigi and Similuk, Morgan and Zhang, Xingmin A and G{\'{o}}mez-Andr{\'{e}}s, David and Lochm{\"{u}}ller, Hanns and Dollfus, H{\'{e}}l{\`{e}}ne and Rosenzweig, Sergio and Marwaha, Shruti and Rath, Ana and Sullivan, Kathleen and Smith, Cynthia and Milner, Joshua D and Leroux, Doroth{\'{e}}e and Boerkoel, Cornelius F and Klion, Amy and Carter, Melody C and Groza, Tudor and Smedley, Damian and Haendel, Melissa A and Mungall, Chris and Robinson, Peter N},
	year         = 2019,
	journal      = {Nucleic Acids Research},
	volume       = 47,
	number       = {D1},
	pages        = {D1018----D1027},
	doi          = {10.1093/nar/gky1105},
	issn         = 13624962,
	pmid         = 30476213
}
@incollection{Kreiling2017Jan,
	title        = {{Contribution of Retrotransposable Elements to Aging}},
	author       = {Kreiling, Jill A. and Jones, Brian C. and Wood, Jason G. and De Cecco, Marco and Criscione, Steven W. and Neretti, Nicola and Helfand, Stephen L. and Sedivy, John M.},
	year         = 2017,
	month        = {Jan},
	journal      = {SpringerLink},
	booktitle    = {{Human Retrotransposons in Health and Disease}},
	publisher    = {Springer},
	address      = {Cham, Switzerland},
	pages        = {297--321},
	doi          = {10.1007/978-3-319-48344-3_13},
	isbn         = {978-3-319-48343-6}
}
@article{Kubben2017,
	title        = {{Shared molecular and cellular mechanisms of premature ageing and ageing-associated diseases}},
	author       = {Kubben, Nard and Misteli, Tom},
	year         = 2017,
	journal      = {Nature Reviews Molecular Cell Biology},
	publisher    = {Nature Publishing Group},
	volume       = 18,
	number       = 10,
	pages        = {595--609},
	doi          = {10.1038/nrm.2017.68},
	issn         = 14710080,
	url          = {http://dx.doi.org/10.1038/nrm.2017.68},
	pmid         = 28792007
}
@article{Kuehne2017,
	title        = {{An integrative metabolomics and transcriptomics study to identify metabolic alterations in aged skin of humans in vivo}},
	author       = {Kuehne, Andreas and Hildebrand, Janosch and Soehle, Joern and Wenck, Horst and Terstegen, Lara and Gallinat, Stefan and Knott, Anja and Winnefeld, Marc and Zamboni, Nicola},
	year         = 2017,
	journal      = {BMC Genomics},
	publisher    = {BMC Genomics},
	volume       = 18,
	number       = 1,
	pages        = 169,
	doi          = {10.1186/s12864-017-3547-3},
	issn         = 14712164,
	url          = {http://bmcgenomics.biomedcentral.com/articles/10.1186/s12864-017-3547-3},
	pmid         = 28201987
}
@settings{label,
	options      = {nameyear}
}
@article{Langfelder2008,
	title        = {{WGCNA: An R package for weighted correlation network analysis}},
	author       = {Langfelder, Peter and Horvath, Steve},
	year         = 2008,
	journal      = {BMC Bioinformatics},
	volume       = 9,
	number       = 1,
	pages        = 559,
	doi          = {10.1186/1471-2105-9-559},
	isbn         = {1471-2105},
	issn         = 14712105,
	url          = {http://dx.doi.org/10.1186/1471-2105-9-559},
	pmid         = 19114008
}
@article{Langfelder2008_cutree,
	title        = {{Defining clusters from a hierarchical cluster tree: The Dynamic Tree Cut package for R}},
	author       = {Langfelder, Peter and Zhang, Bin and Horvath, Steve},
	year         = 2008,
	journal      = {Bioinformatics},
	volume       = 24,
	number       = 5,
	pages        = {719--720},
	doi          = {10.1093/bioinformatics/btm563},
	issn         = 13674803,
	pmid         = 18024473
}
@article{Langfelder2011,
	title        = {{Is my network module preserved and reproducible?}},
	author       = {Langfelder, Peter and Luo, Rui and Oldham, Michael C. and Horvath, Steve},
	year         = 2011,
	journal      = {PLoS Computational Biology},
	volume       = 7,
	number       = 1,
	doi          = {10.1371/journal.pcbi.1001057},
	isbn         = {1553-7358; 1553-734X},
	issn         = {1553734X},
	pmid         = 21283776
}
@misc{Langfelder2014FAQ,
	title        = {Frequently Asked Questions},
	author       = {Langfelder P, Horvath S.},
	year         = 2014,
	url          = {https://horvath.genetics.ucla.edu/html/CoexpressionNetwork/Rpackages/WGCNA/faq.html},
	note         = {Accessed: 2020-08-26}
}
@article{Leblond1956,
	title        = {Renewal of Cell Populations},
	author       = {C. P. Leblond and Bruce E. Walker},
	year         = 1956,
	month        = apr,
	journal      = {Physiological Reviews},
	publisher    = {American Physiological Society},
	volume       = 36,
	number       = 2,
	pages        = {255--276},
	doi          = {10.1152/physrev.1956.36.2.255},
	url          = {https://doi.org/10.1152/physrev.1956.36.2.255}
}
@article{Lemoine2021Dec,
	title        = {{GWENA: gene co-expression networks analysis and extended modules characterization in a single Bioconductor package}},
	author       = {Lemoine, Gwena{\ifmmode\ddot{e}\else\"{e}\fi}lle G. and Scott-Boyer, Marie-Pier and Ambroise, Bathilde and P{\ifmmode\acute{e}\else\'{e}\fi}rin, Olivier and Droit, Arnaud},
	year         = 2021,
	month        = {Dec},
	journal      = {BMC Bioinf.},
	publisher    = {BioMed Central},
	volume       = 22,
	number       = 1,
	pages        = {1--20},
	doi          = {10.1186/s12859-021-04179-4},
	issn         = {1471-2105}
}
@article{Lex2014,
	title        = {{UpSet: Visualization of intersecting sets}},
	author       = {Lex, Alexander and Gehlenborg, Nils and Strobelt, Hendrik and Vuillemot, Romain and Pfister, Hanspeter},
	year         = 2014,
	journal      = {IEEE Transactions on Visualization and Computer Graphics},
	publisher    = {IEEE},
	volume       = 20,
	number       = 12,
	pages        = {1983--1992},
	doi          = {10.1109/TVCG.2014.2346248},
	issn         = 10772626,
	pmid         = 26356912
}
@article{Li2015,
	title        = {{Quantitative assessment of gene expression network module-validation methods}},
	author       = {Li, Bing and Zhang, Yingying and Yu, Yanan and Wang, Pengqian and Wang, Yongcheng and Wang, Zhong and Wang, Yongyan},
	year         = 2015,
	month        = dec,
	journal      = {Scientific Reports},
	publisher    = {Nature Publishing Group},
	volume       = 5,
	number       = 1,
	pages        = 15258,
	doi          = {10.1038/srep15258},
	issn         = {2045-2322},
	url          = {http://dx.doi.org/10.1038/srep15258 http://www.nature.com/articles/srep15258},
	pmid         = 26470848
}
@article{Li2018a,
	title        = {{Systematic transcriptome-wide analysis of mRNA‚ÄìmiRNA interactions reveals the involvement of miR-142-5p and its target (FOXO3) in skeletal muscle growth in chickens}},
	author       = {Li, Zhenhui and Abdalla, Bahareldin Ali and Zheng, Ming and He, Xiaomei and Cai, Bolin and Han, Peigong and Ouyang, Hongjia and Chen, Biao and Nie, Qinghua and Zhang, Xiquan},
	year         = 2018,
	journal      = {Molecular Genetics and Genomics},
	publisher    = {Springer Berlin Heidelberg},
	volume       = 293,
	number       = 1,
	pages        = {69--80},
	doi          = {10.1007/s00438-017-1364-7},
	isbn         = {0123456789},
	issn         = 16174623,
	pmid         = 28866851
}
@article{Liesecke2019,
	title        = {{Improved gene co-expression network quality through expression dataset down-sampling and network aggregation}},
	author       = {Liesecke, Franziska and {De Craene}, Johan Owen and Besseau, S{\'{e}}bastien and Courdavault, Vincent and Clastre, Marc and Verg{\`{e}}s, Valentin and Papon, Nicolas and Giglioli-Guivarc'h, Nathalie and Gl{\'{e}}varec, Ga{\"{e}}lle and Pichon, Olivier and {Dug{\'{e}} de Bernonville}, Thomas},
	year         = 2019,
	journal      = {Scientific Reports},
	volume       = 9,
	number       = 1,
	pages        = {1--16},
	doi          = {10.1038/s41598-019-50885-8},
	issn         = 20452322,
	pmid         = 31594989
}
@article{Lingala2016,
	title        = {{The emergence of modularity in biological systems}},
	author       = {Lorenz, Dirk M. and Jeng, Alice and Deem, Michael W.},
	year         = 2011,
	month        = feb,
	journal      = {Physics of Life Reviews},
	volume       = 25,
	number       = 3,
	pages        = {289--313},
	doi          = {10.1016/j.plrev.2011.02.003},
	isbn         = {0000000000000},
	issn         = 15710645,
	url          = {https://linkinghub.elsevier.com/retrieve/pii/S1571064511000170},
	archiveprefix = {arXiv},
	arxivid      = 15334406,
	eprint       = 15334406,
	pmid         = 24655651
}
@article{Lopez-Otin2013,
	title        = {{The hallmarks of aging}},
	author       = {L{\'{o}}pez-Ot{\'{i}}n, Carlos and Blasco, Maria A and Partridge, Linda and Serrano, Manuel and Kroemer, Guido},
	year         = 2013,
	journal      = {Cell},
	volume       = 153,
	number       = 6,
	doi          = {10.1016/j.cell.2013.05.039},
	isbn         = {0092-8674},
	issn         = 10974172,
	archiveprefix = {arXiv},
	arxivid      = {NIHMS150003},
	eprint       = {NIHMS150003},
	pmid         = 23746838
}
@article{Ma2020Mar,
	title        = {{Barrier-to-Autointegration Factor 1 Protects against a Basal cGAS-STING Response}},
	author       = {Ma, Hongming and Qian, Wei and Bambouskova, Monika and Collins, Patrick L. and Porter, Sofia I. and Byrum, Andrea K. and Zhang, Rong and Artyomov, Maxim and Oltz, Eugene M. and Mosammaparast, Nima and Miner, Jonathan J. and Diamond, Michael S.},
	year         = 2020,
	month        = {Mar},
	journal      = {mBio},
	publisher    = {American Society for Microbiology (ASM)},
	volume       = 11,
	number       = 2,
	doi          = {10.1128/mBio.00136-20}
}
@article{Malik2013,
	title        = {{Common variants of the vitamin D binding protein gene and adverse health outcomes}},
	author       = {Malik, Suneil and Fu, Lei and Juras, David James and Karmali, Mohamed and Wong, Betty Y.L. and Gozdzik, Agnes and Cole, David E.C.},
	year         = 2013,
	journal      = {Critical Reviews in Clinical Laboratory Sciences},
	volume       = 50,
	number       = 1,
	pages        = {1--22},
	doi          = {10.3109/10408363.2012.750262},
	issn         = 10408363,
	pmid         = 23427793
}
@article{Mann2011,
	title        = {{Aberrant repair and fibrosis development in skeletal muscle}},
	author       = {Mann, Christopher J. and Perdiguero, Eusebio and Kharraz, Yacine and Aguilar, Susana and Pessina, Patrizia and Serrano, Antonio L. and Mu{\~{n}}oz-C{\'{a}}noves, Pura},
	year         = 2011,
	journal      = {Skeletal Muscle},
	volume       = 1,
	number       = 1,
	pages        = {1--20},
	doi          = {10.1186/2044-5040-1-21},
	issn         = 20445040,
	pmid         = 21798099
}
@article{Mao2009,
	title        = {{Arabidopsis gene co-expression network and its functional modules}},
	author       = {Mao, Linyong and {Van Hemert}, John L. and Dash, Sudhansu and Dickerson, Julie A.},
	year         = 2009,
	journal      = {BMC Bioinformatics},
	volume       = 10,
	pages        = {1--24},
	doi          = {10.1186/1471-2105-10-346},
	isbn         = 1471210510,
	issn         = 14712105,
	pmid         = 19845953
}
@article{Marie2019,
	title        = {{The meanings of'function' in biology and the problematic case of de novo gene emergence}},
	author       = {Marie, Diane and Garza, Patricia and Nartey, Charisse Michelle and Carvunis, Anne Ruxandra},
	year         = 2019,
	journal      = {eLife},
	volume       = 8,
	pages        = {1--12},
	doi          = {10.7554/eLife.47014},
	issn         = {2050084X},
	pmid         = 31674305
}
@article{Matys2006,
	title        = {{TRANSFAC and its module TRANSCompel: transcriptional gene regulation in eukaryotes.}},
	author       = {Matys, V. and Kel-Margoulis, O. V. and Fricke, E. and Liebich, I. and Land, S. and Barre-Dirrie, A. and Reuter, I. and Chekmenev, D. and Krull, M. and Hornischer, K. and Voss, N. and Stegmaier, P. and Lewicki-Potapov, B. and Saxel, H. and Kel, A. E. and Wingender, E.},
	year         = 2006,
	journal      = {Nucleic acids research},
	volume       = 34,
	number       = {Database issue},
	pages        = {108--110},
	doi          = {10.1093/nar/gkj143},
	issn         = 13624962,
	pmid         = 16381825
}
@article{miller2011,
	title        = {Strategies for aggregating gene expression data: the collapseRows R function},
	author       = {Miller, Jeremy A and Cai, Chaochao and Langfelder, Peter and Geschwind, Daniel H and Kurian, Sunil M and Salomon, Daniel R and Horvath, Steve},
	year         = 2011,
	journal      = {BMC bioinformatics},
	publisher    = {BioMed Central},
	volume       = 12,
	number       = 1,
	pages        = {1--13}
}
@article{Minciullo2015,
	title        = {Inflammaging and Anti-Inflammaging: The Role of Cytokines in Extreme Longevity},
	author       = {Paola Lucia Minciullo and Antonino Catalano and Giuseppe Mandraffino and Marco Casciaro and Andrea Crucitti and Giuseppe Maltese and Nunziata Morabito and Antonino Lasco and Sebastiano Gangemi and Giorgio Basile},
	year         = 2015,
	month        = dec,
	journal      = {Archivum Immunologiae et Therapiae Experimentalis},
	publisher    = {Springer Science and Business Media {LLC}},
	volume       = 64,
	number       = 2,
	pages        = {111--126},
	doi          = {10.1007/s00005-015-0377-3},
	url          = {https://doi.org/10.1007/s00005-015-0377-3}
}
@phdthesis{montaudie2019,
	title        = {CLEC12B un g√®ne de la famille des lectines  impliqu√© dans le processus de melanomag√©n√®se en agissant comme un g√®ne suppresseur de tumeurs : CLEC12B un g√®ne suppresseur de tumeurs impliqu√© dans le m√©lanome},
	author       = {Montaudi{\ifmmode\acute{e}\else\'{e}\fi}, Henri},
	year         = 2019,
	url          = {http://www.theses.fr/2019AZUR6013},
	note         = {2019AZUR6013},
	school       = {Universit√© C√¥te d'Azur (ComUE)}
}
@misc{morgan1summarizedexperiment2018,
	title        = {SummarizedExperiment: Summarized-Experiment container, 2018},
	author       = {Morgan, Martin and Obenchain, Valerie and Hester, Jim and Pag{\`e}s, Herv{\'e}},
	year         = 2018,
	journal      = {R package version},
	volume       = 1,
	number       = {0}
}
@article{Motegi2015,
	title        = {Pathogenesis of Multiple Lentigines in {LEOPARD} Syndrome with {PTPN}11 Gene Mutation},
	author       = {S Motegi and Y Yokoyama and S Ogino and K Yamada and A Uchiyama and B Perera and Y Takeuchi and H Ohnishi and O Ishikawa},
	year         = 2015,
	journal      = {Acta Dermato Venereologica},
	publisher    = {Acta Dermato-Venereologica},
	volume       = 95,
	number       = 8,
	pages        = {978--984},
	doi          = {10.2340/00015555-2123},
	url          = {https://doi.org/10.2340/00015555-2123}
}
@article{Murray2018,
	title        = {{Reduced prostaglandin I2 signaling in Arid5b2/2 primary skeletal muscle cells attenuates myogenesis}},
	author       = {Murray, Jennifer and Whitson, Robert H. and Itakura, Keiichi},
	year         = 2018,
	journal      = {FASEB Journal},
	volume       = 32,
	number       = 4,
	pages        = {1868--1879},
	doi          = {10.1096/fj.201700453RR},
	issn         = 15306860,
	pmid         = 29196500
}
@article{Nieuwenhuis2020,
	title        = {{Consistent RNA sequencing contamination in GTEx and other data sets}},
	author       = {Nieuwenhuis, Tim O. and Yang, Stephanie Y. and Verma, Rohan X. and Pillalamarri, Vamsee and Arking, Dan E. and Rosenberg, Avi Z. and McCall, Matthew N. and Halushka, Marc K.},
	year         = 2020,
	journal      = {Nature Communications},
	publisher    = {Springer US},
	volume       = 11,
	number       = 1,
	doi          = {10.1038/s41467-020-15821-9},
	issn         = 20411723,
	url          = {http://dx.doi.org/10.1038/s41467-020-15821-9},
	pmid         = 32321923
}
@article{Okamura2017Feb,
	title        = {{Microsatellite polymorphism located immediately upstream of the phosphatidylinositol glycan, class K gene (PIGK) affects its expression, which correlates with tyrosinase activity in human melanocytes}},
	author       = {Okamura, Ken and Hayashi, Masahiro and Abe, Yuko and Araki, Yuta and Hozumi, Yutaka and Suzuki, Tamio},
	year         = 2017,
	month        = {Feb},
	journal      = {J. Dermatol. Sci.},
	publisher    = {Elsevier},
	volume       = 85,
	number       = 2,
	pages        = {131--134},
	doi          = {10.1016/j.jdermsci.2016.10.012},
	issn         = {0923-1811}
}
@article{Okazaki2020,
	title        = {{Increased glucose metabolism in Arid5b -/-skeletal muscle is associated with the down-regulation of TBC1 domain family member 1 (TBC1D1)}},
	author       = {Okazaki, Yuri and Murray, Jennifer and Ehsani, Ali and Clark, Jessica and Whitson, Robert H. and Hirose, Lisa and Yanaka, Noriyuki and Itakura, Keiichi},
	year         = 2020,
	journal      = {Biological Research},
	publisher    = {BioMed Central},
	volume       = 53,
	number       = 1,
	pages        = {1--14},
	doi          = {10.1186/s40659-020-00313-3},
	issn         = {07176287},
	url          = {https://doi.org/10.1186/s40659-020-00313-3},
	pmid         = 33023658
}
@article{Parra2004Nov,
	title        = {{Implications of correlations between skin color and genetic ancestry for biomedical research}},
	author       = {Parra, E. J. and Kittles, R. A. and Shriver, M. D.},
	year         = 2004,
	month        = {Nov},
	journal      = {Nat. Genet.},
	publisher    = {Nature Publishing Group},
	volume       = 36,
	number       = 11,
	doi          = {10.1038/ng1440},
	issn         = {1546-1718}
}
@article{Parsana2019,
	title        = {{Addressing confounding artifacts in reconstruction of gene co-expression networks}},
	author       = {Parsana, Princy and Ruberman, Claire and Jaffe, Andrew E. and Schatz, Michael C. and Battle, Alexis and Leek, Jeffrey T.},
	year         = 2019,
	journal      = {Genome Biology},
	publisher    = {Genome Biology},
	volume       = 20,
	number       = 1,
	pages        = 94,
	doi          = {10.1186/s13059-019-1700-9},
	issn         = {1474-760X},
	url          = {https://genomebiology.biomedcentral.com/articles/10.1186/s13059-019-1700-9}
}
@article{PaulShannon2003,
	title        = {{Cytoscape: A Software Environment for Integrated Models}},
	author       = {Paul, Shannon and Andrew, Markiel and Owen, Ozier and Nitin S., Baliga and Jonathan T., Wang and Daniel, Ramage and Nada, Amin and Benno, Schwikowski and Trey, Ideker},
	year         = 2003,
	journal      = {Genome Research},
	volume       = 13,
	number       = 11,
	pages        = {2498--2504},
	doi          = {10.1101/gr.1239303},
	isbn         = {1088-9051 (Print) 1088-9051 (Linking)},
	issn         = {1088-9051},
	url          = {http://ci.nii.ac.jp/naid/110001910481/ http://www.genome.org/cgi/doi/10.1101/gr.1239303},
	pmid         = 14597658
}
@article{phipson2010,
	title        = {Permutation P-values should never be zero: calculating exact P-values when permutations are randomly drawn},
	author       = {Phipson, Belinda and Smyth, Gordon K},
	year         = 2010,
	journal      = {Statistical applications in genetics and molecular biology},
	publisher    = {De Gruyter},
	volume       = 9,
	number       = 1
}
@article{Pierson2015,
	title        = {{Sharing and Specificity of Co-expression Networks across 35 Human Tissues}},
	author       = {Pierson, Emma and Koller, Daphne and Battle, Alexis and Mostafavi, Sara},
	year         = 2015,
	journal      = {PLoS Computational Biology},
	volume       = 11,
	number       = 5,
	pages        = {1--19},
	doi          = {10.1371/journal.pcbi.1004220},
	isbn         = {15537358 (Electronic)},
	issn         = 15537358,
	pmid         = 25970446
}
@article{QiujingYu2015May,
	title        = {{DNA-damage-induced type I interferon promotes senescence and inhibits stem cell function}},
	author       = {Qiujing Yu, {\#} and Yuliya V. Katlinskaya, {\#} and Carbone, Christopher J. and Zhao, Bin and Katlinski, Kanstantsin V. and Zheng, Hui and Guha, Manti and Li, Ning and Chen, Qijun and Yang, Ting and Lengner, Christopher J. and Greenberg, Roger A. and Johnson, F. Brad and Fuchs, Serge Y.},
	year         = 2015,
	month        = {May},
	journal      = {Cell Rep.},
	publisher    = {The AuthorsElsevier Inc},
	volume       = 11,
	number       = 5,
	pages        = {785--797},
	doi          = {10.1016/j.celrep.2015.03.069},
	issn         = {2211-1247},
	eprint       = 25921537
}
@article{Ratajczak2017,
	title        = {{A Novel View of the Adult Stem Cell Compartment from the Perspective of a Quiescent Population of Very Small Embryonic-Like Stem Cells}},
	author       = {Ratajczak, Mariusz Z. and Ratajczak, Janina and Suszynska, Malwina and Miller, Donald M. and Kucia, Magda and Shin, Dong Myung},
	year         = 2017,
	journal      = {Circulation Research},
	volume       = 120,
	number       = 1,
	pages        = {166--178},
	doi          = {10.1161/CIRCRESAHA.116.309362},
	issn         = 15244571,
	pmid         = 28057792
}
@article{Raudvere2019,
	title        = {{g:Profiler: a web server for functional enrichment analysis and conversions of gene lists (2019 update)}},
	author       = {Raudvere, Uku and Kolberg, Liis and Kuzmin, Ivan and Arak, Tambet and Adler, Priit and Peterson, Hedi and Vilo, Jaak},
	year         = 2019,
	journal      = {Nucleic Acids Research},
	publisher    = {Oxford University Press},
	volume       = 47,
	number       = {W1},
	pages        = {W191--W198},
	doi          = {10.1093/nar/gkz369},
	issn         = {0305-1048}
}
@article{Ravasz2003,
	title        = {{Hierarchical organization in complex networks}},
	author       = {Ravasz, Erzs{\'{e}}bet and Barab{\'{a}}si, Albert L{\'{a}}szl{\'{o}}},
	year         = 2003,
	journal      = {Physical Review E - Statistical Physics, Plasmas, Fluids, and Related Interdisciplinary Topics},
	volume       = 67,
	number       = 2,
	pages        = 7,
	doi          = {10.1103/PhysRevE.67.026112},
	issn         = {1063651X},
	archiveprefix = {arXiv},
	arxivid      = {cond-mat/0206130},
	eprint       = {0206130},
	primaryclass = {cond-mat}
}
@article{Ritchie2016,
	title        = {{A Scalable Permutation Approach Reveals Replication and Preservation Patterns of Network Modules in Large Datasets}},
	author       = {Ritchie, Scott C. and Watts, Stephen and Fearnley, Liam G. and Holt, Kathryn E. and Abraham, Gad and Inouye, Michael},
	year         = 2016,
	journal      = {Cell Systems},
	publisher    = {The Author(s)},
	volume       = 3,
	number       = 1,
	pages        = {71--82},
	doi          = {10.1016/j.cels.2016.06.012},
	issn         = 24054720,
	url          = {http://dx.doi.org/10.1016/j.cels.2016.06.012},
	pmid         = 27467248
}
@article{Rocke2001,
	title        = {A Model for Measurement Error for Gene Expression Arrays},
	author       = {David M. Rocke and Blythe Durbin},
	year         = 2001,
	month        = nov,
	journal      = {Journal of Computational Biology},
	publisher    = {Mary Ann Liebert Inc},
	volume       = 8,
	number       = 6,
	pages        = {557--569},
	doi          = {10.1089/106652701753307485},
	url          = {https://doi.org/10.1089/106652701753307485}
}
@article{Rogowski-Tylman2016,
	title        = {{Molecular aspects of skin aging. Literature review}},
	author       = {Rogowski-Tylman, Micha{\l} and Narbutt, Joanna and Wo{\'{z}}niacka, Anna and Lesiak, Aleksandra},
	year         = 2016,
	journal      = {Dermatology Review},
	volume       = 2,
	pages        = {139--142},
	doi          = {10.5114/dr.2016.59136},
	issn         = {0033-2526},
	url          = {http://www.termedia.pl/doi/10.5114/dr.2016.59136}
}
@article{Ruepp2008,
	title        = {{CORUM: The comprehensive resource of mammalian protein complexes}},
	author       = {Ruepp, Andreas and Brauner, Barbara and Dunger-Kaltenbach, Irmtraud and Frishman, Goar and Montrone, Corinna and Stransky, Michael and Waegele, Brigitte and Schmidt, Thorsten and Doudieu, Octave Noubibou and St{\"{u}}mpflen, Volker and Mewes, H. Werner},
	year         = 2008,
	journal      = {Nucleic Acids Research},
	volume       = 36,
	number       = {SUPPL. 1},
	pages        = {646--650},
	doi          = {10.1093/nar/gkm936},
	issn         = {03051048},
	pmid         = 17965090
}
@article{Russo2018,
	title        = {{CEMiTool: A Bioconductor package for performing comprehensive modular co-expression analyses}},
	author       = {Russo, Pedro S.T. and Ferreira, Gustavo R. and Cardozo, Lucas E. and B{\"{u}}rger, Matheus C. and Arias-Carrasco, Raul and Maruyama, Sandra R. and Hirata, Thiago D.C. and Lima, Di{\'{o}}genes S. and Passos, Fernando M. and Fukutani, Kiyoshi F. and Lever, Melissa and Silva, Jo{\~{a}}o S. and Maracaja-Coutinho, Vinicius and Nakaya, Helder I.},
	year         = 2018,
	journal      = {BMC Bioinformatics},
	publisher    = {BMC Bioinformatics},
	volume       = 19,
	number       = 1,
	pages        = {1--13},
	doi          = {10.1186/s12859-018-2053-1},
	isbn         = {1932-6203 (Electronic)$\backslash$r1932-6203 (Linking)},
	issn         = 14712105,
	pmid         = 29458351
}
@article{Sakuma2017,
	title        = {{Molecular mechanism of sarcopenia and cachexia: recent research advances}},
	author       = {Sakuma, Kunihiro and Aoi, Wataru and Yamaguchi, Akihiko},
	year         = 2017,
	journal      = {Pflugers Archiv European Journal of Physiology},
	publisher    = {Pfl{\"{u}}gers Archiv - European Journal of Physiology},
	volume       = 469,
	number       = {5-6},
	pages        = {573--591},
	doi          = {10.1007/s00424-016-1933-3},
	issn         = 14322013,
	url          = {http://dx.doi.org/10.1007/s00424-016-1933-3},
	pmid         = 28101649
}
@article{Santilli2014,
	title        = {{Clinical definition of sarcopenia}},
	author       = {Santilli, Valter and Bernetti, Andrea and Mangone, Massimiliano and Paoloni, Marco},
	year         = 2014,
	journal      = {Clinical Cases in Mineral and Bone Metabolism},
	volume       = 11,
	number       = 3,
	pages        = {177--180},
	doi          = {10.11138/ccmbm/2014.11.3.177},
	issn         = 19713266,
	pmid         = 25568649
}
@article{Schoggins2011,
	title        = {Interferon-stimulated genes and their antiviral effector functions},
	author       = {John W Schoggins and Charles M Rice},
	year         = 2011,
	month        = dec,
	journal      = {Current Opinion in Virology},
	publisher    = {Elsevier {BV}},
	volume       = 1,
	number       = 6,
	pages        = {519--525},
	doi          = {10.1016/j.coviro.2011.10.008},
	url          = {https://doi.org/10.1016/j.coviro.2011.10.008}
}
@inproceedings{Schubert2019,
	title        = {{Faster k-Medoids Clustering: Improving the PAM, CLARA, and CLARANS Algorithms}},
	author       = {Schubert, Erich and Rousseeuw, Peter J},
	year         = 2019,
	booktitle    = {Similarity Search and Applications},
	publisher    = {Springer International Publishing},
	address      = {Cham},
	pages        = {171--187},
	doi          = {10.1007/978-3-030-32047-8\_16},
	isbn         = {978-3-030-32047-8},
	url          = {http://link.springer.com/10.1007/978-3-030-32047-8{\_}16},
	editor       = {Amato, Giuseppe and Gennaro, Claudio and Oria, Vincent and Milo{\v{s}}, Radovanovi{\'{c}}}
}
@article{Sharan2006,
	title        = {Modeling cellular machinery through biological network comparison},
	author       = {Roded Sharan and Trey Ideker},
	year         = 2006,
	month        = apr,
	journal      = {Nature Biotechnology},
	publisher    = {Springer Science and Business Media {LLC}},
	volume       = 24,
	number       = 4,
	pages        = {427--433},
	doi          = {10.1038/nbt1196},
	url          = {https://doi.org/10.1038/nbt1196}
}
@article{Slenter2018,
	title        = {{WikiPathways: A multifaceted pathway database bridging metabolomics to other omics research}},
	author       = {Slenter, Denise N. and Kutmon, Martina and Hanspers, Kristina and Riutta, Anders and Windsor, Jacob and Nunes, Nuno and M{\'{e}}lius, Jonathan and Cirillo, Elisa and Coort, Susan L. and DIgles, Daniela and Ehrhart, Friederike and Giesbertz, Pieter and Kalafati, Marianthi and Martens, Marvin and Miller, Ryan and Nishida, Kozo and Rieswijk, Linda and Waagmeester, Andra and Eijssen, Lars M.T. and Evelo, Chris T. and Pico, Alexander R. and Willighagen, Egon L.},
	year         = 2018,
	journal      = {Nucleic Acids Research},
	volume       = 46,
	number       = {D1},
	pages        = {D661--D667},
	doi          = {10.1093/nar/gkx1064},
	issn         = 13624962,
	pmid         = 29136241
}
@article{Somekh2019a,
	title        = {{Batch correction evaluation framework using a-priori gene-gene associations: Applied to the GTEx dataset}},
	author       = {Somekh, Judith and Shen-Orr, Shai S. and Kohane, Isaac S.},
	year         = 2019,
	journal      = {BMC Bioinformatics},
	publisher    = {BMC Bioinformatics},
	volume       = 20,
	number       = 1,
	pages        = {1--10},
	doi          = {10.1186/s12859-019-2855-9},
	issn         = 14712105,
	pmid         = 31138121
}
@article{Song2012,
	title        = {{Comparison of co-expression measures: Mutual information, correlation, and model based indices}},
	author       = {Song, Lin and Langfelder, Peter and Horvath, Steve},
	year         = 2012,
	journal      = {BMC Bioinformatics},
	volume       = 13,
	number       = 1,
	doi          = {10.1186/1471-2105-13-328},
	isbn         = 1471210513328,
	issn         = 14712105,
	pmid         = 23217028
}
@phdthesis{Sormani2019,
	title        = {Identification d‚Äôun nouveau g√®ne dans la pigmentation cutan√©e - CLEC12B},
	author       = {Sormani, Laura},
	year         = 2019,
	url          = {http://www.theses.fr/2019AZUR6037},
	school       = {Universit√© C√¥te d'Azur (ComUE)}
}
@article{Southworth2009,
	title        = {{Aging Mice Show a Decreasing Correlation of Gene Expression within Genetic Modules}},
	author       = {Southworth, Lucinda K. and Owen, Art B. and Kim, Stuart K.},
	year         = 2009,
	month        = {dec},
	journal      = {PLoS Genetics},
	volume       = 5,
	number       = 12,
	pages        = {e1000776},
	doi          = {10.1371/journal.pgen.1000776},
	issn         = {1553-7404},
	url          = 9,
	editor       = {Copenhaver, Gregory P.}
}
@article{Tacutu2018,
	title        = {{Human Ageing Genomic Resources: New and updated databases}},
	author       = {Tacutu, Robi and Thornton, Daniel and Johnson, Emily and Budovsky, Arie and Barardo, DIogo and Craig, Thomas and DIana, Eugene and Lehmann, Gilad and Toren, Dmitri and Wang, Jingwei and Fraifeld, Vadim E. and {De Magalh{\~{a}}es}, Joa{\~{o}} P.},
	year         = 2018,
	journal      = {Nucleic Acids Research},
	volume       = 46,
	number       = {D1},
	pages        = {D1083--D1090},
	doi          = {10.1093/nar/gkx1042},
	issn         = 13624962
}
@article{Taes2006,
	title        = {{Vitamin D binding protein, bone status and body composition in community-dwelling elderly men}},
	author       = {Taes, Youri E.C. and Goemaere, Stefan and Huang, Guangming and {Van Pottelbergh}, Inge and {De Bacquer}, Dirk and Verhasselt, Bruno and {Van den Broeke}, Celine and Delanghe, Joris R. and Kaufman, Jean Marc},
	year         = 2006,
	journal      = {Bone},
	volume       = 38,
	number       = 5,
	pages        = {701--707},
	doi          = {10.1016/j.bone.2005.10.006},
	issn         = 87563282,
	pmid         = 16309986
}
@article{Tang2017,
	title        = {{GEPIA}: a web server for cancer and normal gene expression profiling and interactive analyses},
	author       = {Zefang Tang and Chenwei Li and Boxi Kang and Ge Gao and Cheng Li and Zemin Zhang},
	year         = 2017,
	month        = apr,
	journal      = {Nucleic Acids Research},
	publisher    = {Oxford University Press ({OUP})},
	volume       = 45,
	number       = {W1},
	pages        = {W98--W102},
	doi          = {10.1093/nar/gkx247},
	url          = {https://doi.org/10.1093/nar/gkx247}
}
@article{Tang2018,
	title        = {{Prognostic genes of breast cancer identified by gene co-expression network analysis}},
	author       = {Tang, Jianing and Kong, Deguang and Cui, Qiuxia and Wang, Kun and Zhang, Dan and Gong, Yan and Wu, Gaosong},
	year         = 2018,
	journal      = {Frontiers in Oncology},
	volume       = 8,
	number       = {SEP},
	pages        = {1--13},
	doi          = {10.3389/fonc.2018.00374},
	issn         = {2234943X}
}
@article{Tesson2010,
	title        = {{DiffCoEx: A simple and sensitive method to find differentially coexpressed gene modules}},
	author       = {Tesson, Bruno M. and Breitling, Rainer and Jansen, Ritsert C.},
	year         = 2010,
	journal      = {BMC Bioinformatics},
	volume       = 11,
	doi          = {10.1186/1471-2105-11-497},
	issn         = 14712105,
	pmid         = 20925918
}
@article{Todhunter2018,
	title        = {{Tissue aging: the integration of collective and variant responses of cells to entropic forces over time}},
	author       = {Todhunter, Michael E. and Sayaman, Rosalyn W. and Miyano, Masaru and LaBarge, Mark A.},
	year         = 2018,
	journal      = {Current Opinion in Cell Biology},
	publisher    = {Elsevier Ltd},
	volume       = 54,
	pages        = {121--129},
	doi          = {10.1016/j.ceb.2018.05.016},
	issn         = 18790410,
	url          = {https://doi.org/10.1016/j.ceb.2018.05.016},
	pmid         = 29908481
}
@article{Tolleson2005,
	title        = {{Human melanocyte biology, toxicology, and pathology}},
	author       = {Tolleson, William H.},
	year         = 2005,
	journal      = {J. Environ. Sci. Health, Part C Environ. Carcinog. Ecotoxicol. Rev.},
	publisher    = {J Environ Sci Health C Environ Carcinog Ecotoxicol Rev},
	volume       = 23,
	number       = 2,
	pages        = {105--161},
	doi          = {10.1080/10590500500234970},
	issn         = {1059-0501},
	eprint       = 16291526
}
@article{Tone2019,
	title        = {C-type lectin receptors of the Dectin-1 cluster: Physiological roles and involvement in disease},
	author       = {Kazuya Tone and Mark H.T. Stappers and Janet A. Willment and Gordon D. Brown},
	year         = 2019,
	month        = nov,
	journal      = {European Journal of Immunology},
	publisher    = {Wiley},
	volume       = 49,
	number       = 12,
	pages        = {2127--2133},
	doi          = {10.1002/eji.201847536},
	url          = {https://doi.org/10.1002/eji.201847536}
}
@article{Tseng2013,
	title        = {{Beyond modules and hubs: the potential of gene coexpression networks for investigating molecular mechanisms of complex brain disorders}},
	author       = {Tseng, G. C. and Sibille, E. and Gaiteri, C. and Ding, Y. and French, B.},
	year         = 2013,
	journal      = {Genes, Brain and Behavior},
	volume       = 13,
	number       = 1,
	pages        = {13--24},
	doi          = {10.1111/gbb.12106}
}
@article{Tuohimaa2009,
	title        = {{Vitamin D, nervous system and aging}},
	author       = {Tuohimaa, P. and Keisala, T. and Minasyan, A. and Cachat, J. and Kalueff, A.},
	year         = 2009,
	journal      = {Psychoneuroendocrinology},
	volume       = 34,
	number       = {SUPPL. 1},
	pages        = {278--286},
	doi          = {10.1016/j.psyneuen.2009.07.003},
	issn         = {03064530},
	pmid         = 19660871
}
@article{Uhlen2015,
	title        = {{Tissue-based map of the human proteome}},
	author       = {Uhlen, M. and Fagerberg, L. and Hallstrom, B. M. and Lindskog, C. and Oksvold, P. and Mardinoglu, A. and Sivertsson, A. and Kampf, C. and Sjostedt, E. and Asplund, A. and Olsson, I. and Edlund, K. and Lundberg, E. and Navani, S. and Szigyarto, C. A.-K. and Odeberg, J. and Djureinovic, D. and Takanen, J. O. and Hober, S. and Alm, T. and Edqvist, P.-H. and Berling, H. and Tegel, H. and Mulder, J. and Rockberg, J. and Nilsson, P. and Schwenk, J. M. and Hamsten, M. and von Feilitzen, K. and Forsberg, M. and Persson, L. and Johansson, F. and Zwahlen, M. and von Heijne, G. and Nielsen, J. and Ponten, F.},
	year         = 2015,
	journal      = {Science},
	volume       = 347,
	number       = 6220,
	pages        = {1260419--1260419},
	doi          = {10.1126/science.1260419},
	isbn         = {0036-8075$\backslash$r1095-9203},
	issn         = {0036-8075},
	url          = {http://www.sciencemag.org/cgi/doi/10.1126/science.1260419},
	archiveprefix = {arXiv},
	arxivid      = {gr-qc/0208024},
	eprint       = {0208024},
	pmid         = 25613900,
	primaryclass = {gr-qc}
}
@article{Wang2018,
	title        = {{Global transcriptome and weighted gene co-expression network analyses reveal hybrid-specific modules and candidate genes related to plant height development in maize}},
	author       = {Wang, Hengsheng and Gu, Longjiang and Zhang, Xingen and Liu, Mingli and Jiang, Haiyang and Cai, Ronghao and Zhao, Yang and Cheng, Beijiu},
	year         = 2018,
	journal      = {Plant Molecular Biology},
	publisher    = {Springer Netherlands},
	volume       = 98,
	number       = 3,
	pages        = {187--203},
	doi          = {10.1007/s11103-018-0763-4},
	isbn         = {0123456789},
	issn         = 15735028,
	url          = {http://dx.doi.org/10.1007/s11103-018-0763-4}
}
@article{Watson2006,
	title        = {{CoXpress: Differential co-expression in gene expression data}},
	author       = {Watson, Michael},
	year         = 2006,
	journal      = {BMC Bioinformatics},
	volume       = 7,
	pages        = {1--12},
	doi          = {10.1186/1471-2105-7-509},
	issn         = 14712105,
	pmid         = 17116249
}
@article{Way2020,
	title        = {Compressing gene expression data using multiple latent space dimensionalities learns complementary biological representations},
	author       = {Gregory P. Way and Michael Zietz and Vincent Rubinetti and Daniel S. Himmelstein and Casey S. Greene},
	year         = 2020,
	month        = may,
	journal      = {Genome Biology},
	publisher    = {Springer Science and Business Media {LLC}},
	volume       = 21,
	number       = 1,
	doi          = {10.1186/s13059-020-02021-3},
	url          = {https://doi.org/10.1186/s13059-020-02021-3}
}
@article{Windelinckx2007,
	title        = {{Polymorphisms in the vitamin D receptor gene are associated with muscle strength in men and women}},
	author       = {Windelinckx, A. and {De Mars}, G. and Beunen, G. and Aerssens, J. and Delecluse, C. and Lefevre, J. and Thomis, M. A.I.},
	year         = 2007,
	journal      = {Osteoporosis International},
	volume       = 18,
	number       = 9,
	pages        = {1235--1242},
	doi          = {10.1007/s00198-007-0374-4},
	isbn         = {0019800703},
	issn         = {0937941X},
	pmid         = 17406766
}
@article{Yamamoto2014,
	title        = {Decreased lipid absorption due to reduced pancreatic lipase activity in aging male mice},
	author       = {Kazushi Yamamoto and Yasuna Kitano and  Shuang E and Yu Hatakeyama and Yu Sakamoto and Taro Honma and Tsuyoshi Tsuduki},
	year         = 2014,
	month        = jul,
	journal      = {Biogerontology},
	publisher    = {Springer Science and Business Media {LLC}},
	volume       = 15,
	number       = 5,
	pages        = {463--473},
	doi          = {10.1007/s10522-014-9512-5},
	url          = {https://doi.org/10.1007/s10522-014-9512-5}
}
@article{Yan2019,
	title        = {{Differential co-expression networks of long non-coding RNAs and mRNAs in Cleistogenes songorica under water stress and during recovery}},
	author       = {Yan, Qi and Wu, Fan and Yan, Zhuanzhuan and Li, Jie and Ma, Tiantian and Zhang, Yufei and Zhao, Yufeng and Wang, Yanrong and Zhang, Jiyu},
	year         = 2019,
	journal      = {BMC Plant Biology},
	publisher    = {BMC Plant Biology},
	volume       = 19,
	number       = 1,
	pages        = {1--19},
	doi          = {10.1186/s12870-018-1626-5},
	issn         = 14712229,
	pmid         = 30634906
}
@article{Yin2013,
	title        = {{Satellite Cells and the Muscle Stem Cell Niche}},
	author       = {Yin, Hang and Price, Feodor and Rudnicki, Michael A.},
	year         = 2013,
	month        = jan,
	journal      = {Physiological Reviews},
	volume       = 93,
	number       = 1,
	pages        = {23--67},
	doi          = {10.1152/physrev.00043.2011},
	issn         = {0031-9333},
	url          = {https://www.physiology.org/doi/10.1152/physrev.00043.2011},
	pmid         = 23303905
}
@article{Yip2007,
	title        = {{Gene network interconnectedness and the generalized topological overlap measure}},
	author       = {Yip, Andy M. and Horvath, Steve},
	year         = 2007,
	journal      = {BMC Bioinformatics},
	volume       = 8,
	pages        = {1--14},
	doi          = {10.1186/1471-2105-8-22},
	issn         = 14712105,
	pmid         = 17250769
}
@article{Zahn2007,
	title        = {{AGEMAP: A gene expression database for aging in mice}},
	author       = {Zahn, Jacob M. and Poosala, Suresh and Owen, Art B. and Ingram, Donald K. and Lustig, Ana and Carter, Arnell and Weeraratna, Ashani T. and Taub, Dennis D. and Gorospe, Myriam and Mazan-Mamczarz, Krystyna and Lakatta, Edward G. and Boheler, Kenneth R. and Xu, Xiangru and Mattson, Mark P. and Falco, Geppino and Ko, Minoru S.H. and Schlessinger, David and Firman, Jeffrey and Kummerfeld, Sarah K. and Wood, William H. and Zonderman, Alan B. and Kim, Stuart K. and Becker, Kevin G.},
	year         = 2007,
	journal      = {PLoS Genetics},
	volume       = 3,
	number       = 11,
	pages        = {2326--2337},
	doi          = {10.1371/journal.pgen.0030201},
	issn         = 15537390,
	pmid         = 18081424
}
@article{Zhang2005a,
	title        = {{A general framework for weighted gene co-expression network analysis}},
	author       = {Zhang, Bin and Horvath, Steve},
	year         = 2005,
	journal      = {Statistical Applications in Genetics and Molecular Biology},
	volume       = 4,
	number       = 1,
	doi          = {10.2202/1544-6115.1128},
	issn         = 15446115,
	pmid         = 16646834
}
@article{Zhang2013,
	title        = {Loss of {SHP}-2 activity in {CD}4+ T cells promotes melanoma progression and metastasis},
	author       = {Tao Zhang and Wenjie Guo and Yang Yang and Wen Liu and Lele Guo and Yanhong Gu and Yongqian Shu and Lu Wang and Xuefeng Wu and Zichun Hua and Yuehai Ke and Yang Sun and Yan Shen and Qiang Xu},
	year         = 2013,
	month        = oct,
	journal      = {Scientific Reports},
	publisher    = {Springer Science and Business Media {LLC}},
	volume       = 3,
	number       = 1,
	pages        = {707--720},
	doi          = {10.1038/srep02845},
	issn         = {00928674},
	url          = {https://doi.org/10.1038/srep02845},
	pmid         = 23622250
}
@article{Zhang2019,
	title        = {Mitochondrial {NCKX}5 regulates melanosomal biogenesis and pigment production},
	author       = {Zhao Zhang and Juanjuan Gong and Elena V. Sviderskaya and Aihua Wei and Wei Li},
	year         = 2019,
	month        = jan,
	journal      = {Journal of Cell Science},
	publisher    = {The Company of Biologists},
	doi          = {10.1242/jcs.232009},
	url          = {https://doi.org/10.1242/jcs.232009}
}
@article{Zhu2015,
	title        = {{Targeted exploration and analysis of large cross-platform human transcriptomic compendia}},
	author       = {Zhu, Qian and Wong, Aaron K and Krishnan, Arjun and Aure, Miriam R and Tadych, Alicja and Zhang, Ran and Corney, David C and Greene, Casey S and Bongo, Lars A and Kristensen, Vessela N and Charikar, Moses and Li, Kai and Troyanskaya, Olga G},
	year         = 2015,
	month        = mar,
	journal      = {Nature Methods},
	volume       = 12,
	number       = 3,
	pages        = {211--214},
	doi          = {10.1038/nmeth.3249},
	isbn         = 9781931971201,
	issn         = {1548-7091},
	url          = {https://www.usenix.org/system/files/conference/fast15/fast15-paper-tang.pdf http://www.nature.com/articles/nmeth.3249}
}
@article{Zierer2015,
	title        = {{Integration of 'omics' data in aging research: From biomarkers to systems biology}},
	author       = {Zierer, Jonas and Menni, Cristina and Kastenm{\"{u}}ller, Gabi and Spector, Tim D.},
	year         = 2015,
	journal      = {Aging Cell},
	volume       = 14,
	number       = 6,
	pages        = {933--944},
	doi          = {10.1111/acel.12386},
	isbn         = {1474-9718},
	issn         = 14749726,
	pmid         = 26331998
}

