@article{chap2_Ardlie2015,
	title        = {{The Genotype-Tissue Expression (GTEx) pilot analysis: Multitissue gene regulation in humans}},
	author       = {Ardlie, Kristin G. and DeLuca, David S. and Segr{\`{e}}, Ayellet V. and Sullivan, Timothy J. and Young, Taylor R. and Gelfand, Ellen T. and Trowbridge, Casandra A. and Maller, Julian B. and Tukiainen, Taru and Lek, Monkol and Ward, Lucas D. and Kheradpour, Pouya and Iriarte, Benjamin and Meng, Yan and Palmer, Cameron D. and Esko, T{\~{o}}nu and Winckler, Wendy and Hirschhorn, Joel N. and Kellis, Manolis and MacArthur, Daniel G. and Getz, Gad and Shabalin, Andrey A. and Li, Gen and Zhou, Yi Hui and Nobel, Andrew B. and Rusyn, Ivan and Wright, Fred A. and Lappalainen, Tuuli and Ferreira, Pedro G. and Ongen, Halit and Rivas, Manuel A. and Battle, Alexis and Mostafavi, Sara and Monlong, Jean and Sammeth, Michael and Mel{\'{e}}, Marta and Reverter, Ferran and Goldmann, Jakob M. and Koller, Daphne and Guig{\'{o}}, Roderic and McCarthy, Mark I. and Dermitzakis, Emmanouil T. and Gamazon, Eric R. and Im, Hae Kyung and Konkashbaev, Anuar and Nicolae, Dan L. and Cox, Nancy J. and Flutre, Timoth{\'{e}}e and Wen, Xiaoquan and Stephens, Matthew and Pritchard, Jonathan K. and Tu, Zhidong and Zhang, Bin and Huang, Tao and Long, Quan and Lin, Luan and Yang, Jialiang and Zhu, Jun and Liu, Jun and Brown, Amanda and Mestichelli, Bernadette and Tidwell, Denee and Lo, Edmund and Salvatore, Michael and Shad, Saboor and Thomas, Jeffrey A. and Lonsdale, John T. and Moser, Michael T. and Gillard, Bryan M. and Karasik, Ellen and Ramsey, Kimberly and Choi, Christopher and Foster, Barbara A. and Syron, John and Fleming, Johnell and Magazine, Harold and Hasz, Rick and Walters, Gary D. and Bridge, Jason P. and Miklos, Mark and Sullivan, Susan and Barker, Laura K. and Traino, Heather M. and Mosavel, Maghboeba and Siminoff, Laura A. and Valley, Dana R. and Rohrer, Daniel C. and Jewell, Scott D. and Branton, Philip A. and Sobin, Leslie H. and Barcus, Mary and Qi, Liqun and McLean, Jeffrey and Hariharan, Pushpa and Um, Ki Sung and Wu, Shenpei and Tabor, David and Shive, Charles and Smith, Anna M. and Buia, Stephen A. and Undale, Anita H. and Robinson, Karna L. and Roche, Nancy and Valentino, Kimberly M. and Britton, Angela and Burges, Robin and Bradbury, Debra and Hambright, Kenneth W. and Seleski, John and Korzeniewski, Greg E. and Erickson, Kenyon and Marcus, Yvonne and Tejada, Jorge and Taherian, Mehran and Lu, Chunrong and Basile, Margaret and Mash, Deborah C. and Volpi, Simona and Struewing, Jeffery P. and Temple, Gary F. and Boyer, Joy and Colantuoni, Deborah and Little, Roger and Koester, Susan and Carithers, Latarsha J. and Moore, Helen M. and Guan, Ping and Compton, Carolyn and Sawyer, Sherilyn J. and Demchok, Joanne P. and Vaught, Jimmie B. and Rabiner, Chana A. and Lockhart},
	year         = 2015,
	journal      = {Science},
	volume       = 348,
	number       = 6235,
	pages        = {648--660},
	doi          = {10.1126/science.1262110},
	isbn         = {0036-8075},
	issn         = 10959203,
	pmid         = 25954001
}
@article{chap2_Armanios2012,
	title        = {{The telomere syndromes.}},
	author       = {Armanios, Mary and Blackburn, Elizabeth H.},
	year         = 2012,
	journal      = {Nature reviews. Genetics},
	volume       = 13,
	number       = 10,
	pages        = {693--704},
	doi          = {10.1038/nrg3246},
	issn         = 14710064,
	pmid         = 22965356
}
@article{chap2_Arosio2020Sep,
	title        = {{Thyroid hormones and frailty in persons experiencing extreme longevity}},
	author       = {Arosio, Beatrice and Monti, Daniela and Mari, Daniela and Passarino, Giuseppe and Ostan, Rita and Ferri, Evelyn and De Rango, Francesco and Franceschi, Claudio and Cesari, Matteo and Vitale, Giovanni},
	year         = 2020,
	month        = {Sep},
	journal      = {Exp. Gerontol.},
	publisher    = {Pergamon},
	volume       = 138,
	pages        = 111000,
	doi          = {10.1016/j.exger.2020.111000},
	issn         = {0531-5565}
}
@article{chap2_Ashburner2000,
	title        = {{Gene Ontology: tool for the unification of biology}},
	author       = {Ashburner, Michael and Ball, Catherine A. and Blake, Judith A. and Botstein, David and Butler, Heather and Cherry, J. Michael and Davis, Allan P. and Dolinski, Kara and Dwight, Selina S. and Eppig, Janan T. and Harris, Midori A. and Hill, David P. and Issel-Tarver, Laurie and Kasarskis, Andrew and Lewis, Suzanna and Matese, John C. and Richardson, Joel E. and Ringwald, Martin and Rubin, Gerald M. and Sherlock, Gavin},
	year         = 2000,
	month        = {may},
	journal      = {Nature Genetics},
	volume       = 25,
	number       = 1,
	pages        = {25--29},
	doi          = {10.1038/75556},
	issn         = {1061-4036},
	url          = {http://www.nature.com/articles/ng0500{\_}25}
}
@article{chap2_Avelar2019,
	title        = {{A multidimensional systems biology analysis of cellular senescence in ageing and disease}},
	author       = {Avelar, Roberto A. and Ortega, Javier G{\'{o}}mez and Tacutu, Robi and Tyler, Eleanor and Bennett, Dominic and Binetti, Paolo and Budovsky, Arie and Chatsirisupachai, Kasit and Johnson, Emily and Murray, Alex and Shields, Samuel and Tejada‚ÄêMartinez, Daniela and Thornton, Daniel and Fraifeld, Vadim E. and Bishop, Cleo L. and de Magalh{\~{a}}es, Jo{\~{a}}o Pedro},
	year         = 2019,
	journal      = {bioRxiv},
	publisher    = {Genome Biology},
	pages        = {1--22},
	doi          = {10.1101/743781}
}
@article{chap2_Barabasi2004,
	title        = {{Network biology: Understanding the cell's functional organization}},
	author       = {Barab{\'{a}}si, Albert L{\'{a}}szl{\'{o}} and Oltvai, Zolt{\'{a}}n N.},
	year         = 2004,
	journal      = {Nature Reviews Genetics},
	volume       = 5,
	number       = 2,
	pages        = {101--113},
	doi          = {10.1038/nrg1272},
	isbn         = {1471-0056 (Print) 1471-0056 (Linking)},
	issn         = 14710056,
	pmid         = 14735121
}
@article{chap2_Barker2010,
	title        = {Tissue-Resident Adult Stem Cell Populations of Rapidly Self-Renewing Organs},
	author       = {Nick Barker and Sina Bartfeld and Hans Clevers},
	year         = 2010,
	month        = dec,
	journal      = {Cell Stem Cell},
	publisher    = {Elsevier {BV}},
	volume       = 7,
	number       = 6,
	pages        = {656--670},
	doi          = {10.1016/j.stem.2010.11.016},
	url          = {https://doi.org/10.1016/j.stem.2010.11.016}
}
@article{chap2_Bechtel2013,
	title        = {{Understanding Biological Mechanisms: Using Illustrations from Circadian Rhythm Research}},
	author       = {Bechtel, William},
	year         = 2013,
	journal      = {History, Philosophy and Theory of the Life Sciences},
	volume       = 1,
	pages        = {487--510},
	doi          = {10.1007/978-94-007-6537-5_22},
	issn         = 22111956
}
@article{chap2_Bettley1965,
	title        = {{Textbook of Dermatology}},
	author       = {Bettley, F. R.},
	year         = 1965,
	month        = {jan},
	journal      = {BMJ},
	volume       = 1,
	number       = 5428,
	pages        = {178--178},
	doi          = {10.1136/bmj.1.5428.178},
	isbn         = {0632064293},
	issn         = {0959-8138},
	url          = {https://www.bmj.com/lookup/doi/10.1136/bmj.1.5428.178}
}
@article{chap2_Buja1992Oct,
	title        = {{Remarks on Parallel Analysis}},
	author       = {Buja, Andreas and Eyuboglu, Nermin},
	year         = 1992,
	month        = {Oct},
	journal      = {Multivariate Behavioral Research},
	publisher    = {Routledge},
	volume       = 27,
	number       = 4,
	pages        = {509--540},
	doi          = {10.1207/s15327906mbr2704_2},
	issn         = {0027-3171}
}
@article{chap2_Carithers2015,
	title        = {{A Novel Approach to High-Quality Postmortem Tissue Procurement: The GTEx Project}},
	author       = {Carithers, Latarsha J. and Ardlie, Kristin and Barcus, Mary and Branton, Philip A. and Britton, Angela and Buia, Stephen A. and Compton, Carolyn C. and Deluca, David S. and Peter-Demchok, Joanne and Gelfand, Ellen T. and Guan, Ping and Korzeniewski, Greg E. and Lockhart, Nicole C. and Rabiner, Chana A. and Rao, Abhi K. and Robinson, Karna L. and Roche, Nancy V. and Sawyer, Sherilyn J. and Segr{\`{e}}, Ayellet V. and Shive, Charles E. and Smith, Anna M. and Sobin, Leslie H. and Undale, Anita H. and Valentino, Kimberly M. and Vaught, Jim and Young, Taylor R. and Moore, Helen M. and Barker, Laura and Basile, Margaret and Battle, Alexis and Boyer, Joy and Bradbury, Debra and Bridge, Jason P. and Brown, Amanda and Burges, Robin and Choi, Christopher and Colantuoni, Deborah and Cox, Nancy and Dermitzakis, Emmanouil T. and Derr, Leslie K. and Dinsmore, Michael J. and Erickson, Kenyon and Fleming, Johnelle and Flutre, Timoth{\'{e}}e and Foster, Barbara A. and Gamazon, Eric R. and Getz, Gad and Gillard, Bryan M. and Guig{\'{o}}, Roderic and Hambright, Kenneth W. and Hariharan, Pushpa and Hasz, Rick and Im, Hae K. and Jewell, Scott and Karasik, Ellen and Kellis, Manolis and Kheradpour, Pouya and Koester, Susan and Koller, Daphne and Konkashbaev, Anuar and Lappalainen, Tuuli and Little, Roger and Liu, Jun and Lo, Edmund and Lonsdale, John T. and Lu, Chunrong and MacArthur, Daniel G. and Magazine, Harold and Maller, Julian B. and Marcus, Yvonne and Mash, Deborah C. and McCarthy, Mark I. and McLean, Jeffrey and Mestichelli, Bernadette and Miklos, Mark and Monlong, Jean and Mosavel, Magboeba and Moser, Michael T. and Mostafavi, Sara and Nicolae, Dan L. and Pritchard, Jonathan and Qi, Liqun and Ramsey, Kimberly and Rivas, Manuel A. and Robles, Barnaby E. and Rohrer, Daniel C. and Salvatore, Mike and Sammeth, Michael and Seleski, John and Shad, Saboor and Siminoff, Laura A. and Stephens, Matthew and Struewing, Jeff and Sullivan, Timothy and Sullivan, Susan and Syron, John and Tabor, David and Taherian, Mehran and Tejada, Jorge and Temple, Gary F. and Thomas, Jeffrey A. and Thomson, Alexander W. and Tidwell, Denee and Traino, Heather M. and Tu, Zhidong and Valley, Dana R. and Volpi, Simona and Walters, Gary D. and Ward, Lucas D. and Wen, Xiaoquan and Winckler, Wendy and Wu, Shenpei and Zhu, Jun and Abdallah, Assya and Addington, Anjene and Anderson, James M. and Bender, Patrick K. and Cosentino, Mark and Diaz-Mayoral, Norma and Engel, Theresa and Garci, Fernando and Green, Allen and Hammond, Tiffanie and Jaffe, Katherine and Keen, Judy and Kennedy, Mary and Kigonya, Peter and Lander, Brent and Nampally, Sreenath and Ny, Cathy and Robb, James and Santhanum, Vikram and Sharopova, Nataliya and Singh, Shilpi and Soria, Conrado and Sturcke, Anne and Sukari, Surendra and Thomson, Elizabeth J. and Tomaszewski, Magda and Trowbridge, Casandra and Udoye, Ferdinand and Vanscoy, David and Vatanian, Negin and Wilder, Elizabeth L. and Williams, Penelope},
	year         = 2015,
	journal      = {Biopreservation and Biobanking},
	volume       = 13,
	number       = 5,
	pages        = {311--317},
	doi          = {10.1089/bio.2015.0032},
	issn         = 19475543,
	pmid         = 26484571
}
@article{chap2_Catalano2001May,
	title        = {{Molecular markers predictive of response to chemotherapy in gastrointestinal tumors.}},
	author       = {Catalano, V. and A. M., Baldelli and Giordani, P. and Cascinu, S.},
	year         = 2001,
	month        = {May},
	journal      = {Crit. Rev. Oncol. Hematol.},
	volume       = 38,
	number       = 2,
	pages        = {93--104},
	doi          = {10.1016/s1040-8428(00)00114-1},
	issn         = {1040-8428}
}
@article{chap2_Chou2018,
	title        = {{MiRTarBase update 2018: A resource for experimentally validated microRNA-target interactions}},
	author       = {Chou, Chih Hung and Shrestha, Sirjana and Yang, Chi Dung and Chang, Nai Wen and Lin, Yu Ling and Liao, Kuang Wen and Huang, Wei Chi and Sun, Ting Hsuan and Tu, Siang Jyun and Lee, Wei Hsiang and Chiew, Men Yee and Tai, Chun San and Wei, Ting Yen and Tsai, Tzi Ren and Huang, Hsin Tzu and Wang, Chung Yu and Wu, Hsin Yi and Ho, Shu Yi and Chen, Pin Rong and Chuang, Cheng Hsun and Hsieh, Pei Jung and Wu, Yi Shin and Chen, Wen Liang and Li, Meng Ju and Wu, Yu Chun and Huang, Xin Yi and Ng, Fung Ling and Buddhakosai, Waradee and Huang, Pei Chun and Lan, Kuan Chun and Huang, Chia Yen and Weng, Shun Long and Cheng, Yeong Nan and Liang, Chao and Hsu, Wen Lian and Huang, Hsien Da},
	year         = 2018,
	journal      = {Nucleic Acids Research},
	publisher    = {Oxford University Press},
	volume       = 46,
	number       = {D1},
	pages        = {D296--D302},
	doi          = {10.1093/nar/gkx1067},
	issn         = 13624962,
	pmid         = 29126174
}
@article{chap2_Coclet1989Dec,
	title        = {{CELL POPULATION KINETICS IN DOG AND HUMAN ADULT THYROID}},
	author       = {Coclet, J. and Foureau, F. and Ketelbant, P. and Galand, P. and Dumont, J. E.},
	year         = 1989,
	month        = {Dec},
	journal      = {Clin. Endocrinol.},
	publisher    = {John Wiley {\&} Sons, Ltd},
	volume       = 31,
	number       = 6,
	pages        = {655--666},
	doi          = {10.1111/j.1365-2265.1989.tb01290.x},
	issn         = {0300-0664}
}
@article{chap2_Cooper2004Dec,
	title        = {{Thyroid disease in the oldest old: the exception to the rule}},
	author       = {Cooper, David S.},
	year         = 2004,
	month        = {Dec},
	journal      = {JAMA},
	publisher    = {See full text options at Silverchair Information Systems},
	volume       = 292,
	number       = 21,
	pages        = {2651--2654},
	doi          = {10.1001/jama.292.21.2651},
	issn         = {1538-3598},
	eprint       = 15572724
}
@article{chap2_Costa2003,
	title        = {Transcription factors in liver development,  differentiation,  and regeneration},
	author       = {Robert H. Costa and Vladimir V. Kalinichenko and Ai-Xuan L. Holterman and Xinhe Wang},
	year         = 2003,
	month        = dec,
	journal      = {Hepatology},
	publisher    = {Wiley},
	volume       = 38,
	number       = 6,
	pages        = {1331--1347},
	doi          = {10.1016/j.hep.2003.09.034},
	url          = {https://doi.org/10.1016/j.hep.2003.09.034}
}
@article{chap2_Craig2015,
	title        = {{The Digital Ageing Atlas: Integrating the diversity of age-related changes into a unified resource}},
	author       = {Craig, Thomas and Smelick, Chris and Tacutu, Robi and Wuttke, Daniel and Wood, Shona H. and Stanley, Henry and Janssens, Georges and Savitskaya, Ekaterina and Moskalev, Alexey and Arking, Robert and {De Magalh{\~{a}}es}, Jo{\~{a}}o Pedro},
	year         = 2015,
	journal      = {Nucleic Acids Research},
	volume       = 43,
	number       = {D1},
	pages        = {D873--D878},
	doi          = {10.1093/nar/gku843},
	issn         = 13624962,
	pmid         = 25232097
}
@article{chap2_Cullinane2011Oct,
	title        = {{Homozygosity mapping and whole-exome sequencing to detect SLC45A2 and G6PC3 mutations in a single patient with oculocutaneous albinism and neutropenia}},
	author       = {Cullinane, Andrew R. and Vilboux, Thierry and O'Brien, Kevin and Curry, James A. and Maynard, Dawn M. and Carlson-Donohoe, Hannah and Ciccone, Carla and {NISC Comparative Sequencing Program} and Markello, Thomas C. and Gunay-Aygun, Meral and Huizing, Marjan and Gahl, William A.},
	year         = 2011,
	month        = {Oct},
	journal      = {J. Invest. Dermatol.},
	publisher    = {See full text options at Elsevier Science},
	volume       = 131,
	number       = 10,
	pages        = {2017--2025},
	doi          = {10.1038/jid.2011.157},
	issn         = {1523-1747},
	eprint       = 21677667
}
@article{chap2_DeCecco2019Feb,
	title        = {{L1 drives IFN in senescent cells and promotes age-associated inflammation}},
	author       = {De Cecco, Marco and Ito, Takahiro and Petrashen, Anna P. and Elias, Amy E. and Skvir, Nicholas J. and Criscione, Steven W. and Caligiana, Alberto and Brocculi, Greta and Adney, Emily M. and Boeke, Jef D. and Le, Oanh and Beaus{\ifmmode\acute{e}\else\'{e}\fi}jour, Christian and Ambati, Jayakrishna and Ambati, Kameshwari and Simon, Matthew and Seluanov, Andrei and Gorbunova, Vera and Slagboom, P. Eline and Helfand, Stephen L. and Neretti, Nicola and Sedivy, John M.},
	year         = 2019,
	month        = {Feb},
	journal      = {Nature},
	publisher    = {Nature Publishing Group},
	volume       = 566,
	pages        = {73--78},
	doi          = {10.1038/s41586-018-0784-9},
	issn         = {1476-4687}
}
@article{chap2_Dee2013Jan,
	title        = {{Defective neural crest migration revealed by a Zebrafish model of Alx1-related frontonasal dysplasia}},
	author       = {Dee, Chris T. and Szymoniuk, Christoph R. and Mills, Peter E. D. and Takahashi, Tokiharu},
	year         = 2013,
	month        = {Jan},
	journal      = {Hum. Mol. Genet.},
	publisher    = {Oxford Academic},
	volume       = 22,
	number       = 2,
	pages        = {239--251},
	doi          = {10.1093/hmg/dds423},
	issn         = {0964-6906}
}
@article{chap2_delaPava1963,
	title        = {Melanosis of the esophagus},
	author       = {Samuel de la Pava and Goryun Nigogosyan and John W. Pickren and Aurelio Cabrera},
	year         = 1963,
	month        = jan,
	journal      = {Cancer},
	publisher    = {Wiley},
	volume       = 16,
	number       = 1,
	pages        = {48--50},
	doi          = {10.1002/1097-0142(196301)16:1<48::aid-cncr2820160107>3.0.co;2-m},
	url          = {https://doi.org/10.1002/1097-0142(196301)16:1<48::aid-cncr2820160107>3.0.co;2-m}
}
@article{chap2_DeMagalhaes2004,
	title        = {{GenAge: A genomic and proteomic network map of human ageing}},
	author       = {{De Magalh{\~{a}}es}, Jo{\~{a}}o Pedro and Toussaint, Olivier},
	year         = 2004,
	journal      = {FEBS Letters},
	volume       = 571,
	number       = {1-3},
	pages        = {243--247},
	doi          = {10.1016/j.febslet.2004.07.006},
	issn         = {00145793},
	pmid         = 15280050
}
@article{chap2_DeMagalhaes2009a,
	title        = {{Meta-analysis of age-related gene expression profiles identifies common signatures of aging}},
	author       = {de Magalh{\~{a}}es, Jo{\~{a}}o Pedro and Curado, Jo{\~{a}}o and Church, George M.},
	year         = 2009,
	journal      = {Bioinformatics},
	volume       = 25,
	number       = 7,
	pages        = {875--881},
	doi          = {10.1093/bioinformatics/btp073},
	issn         = 13674803,
	pmid         = 19189975
}
@article{chap2_DeMagalhaes2010,
	title        = {{Next-generation sequencing in aging research: Emerging applications, problems, pitfalls and possible solutions}},
	author       = {de Magalh{\~{a}}es, Jo{\~{a}}o Pedro and Finch, Caleb E. and Janssens, Georges},
	year         = 2010,
	journal      = {Ageing Research Reviews},
	volume       = 9,
	number       = 3,
	pages        = {315--323},
	doi          = {10.1016/j.arr.2009.10.006},
	isbn         = {1872-9649 (Electronic)$\backslash$r1568-1637 (Linking)},
	issn         = 15681637,
	pmid         = 19900591
}
@article{chap2_Fabregat2016,
	title        = {{The reactome pathway knowledgebase}},
	author       = {Fabregat, Antonio and Sidiropoulos, Konstantinos and Garapati, Phani and Gillespie, Marc and Hausmann, Kerstin and Haw, Robin and Jassal, Bijay and Jupe, Steven and Korninger, Florian and McKay, Sheldon and Matthews, Lisa and May, Bruce and Milacic, Marija and Rothfels, Karen and Shamovsky, Veronica and Webber, Marissa and Weiser, Joel and Williams, Mark and Wu, Guanming and Stein, Lincoln and Hermjakob, Henning and D'Eustachio, Peter},
	year         = 2016,
	journal      = {Nucleic Acids Research},
	volume       = 44,
	number       = {D1},
	pages        = {D481--D487},
	doi          = {10.1093/nar/gkv1351},
	issn         = 13624962,
	pmid         = 26656494
}
@article{chap2_Faggiano2011Sep,
	title        = {{Thyroid diseases in elderly}},
	author       = {Faggiano, A. and Del Prete, M. and Marciello, F. and Marotta, V. and Ramundo, V. and Colao, A.},
	year         = 2011,
	month        = {Sep},
	journal      = {Minerva Endocrinol.},
	publisher    = {See full text options at Minerva Medica},
	volume       = 36,
	number       = 3,
	pages        = {211--231},
	issn         = {0391-1977},
	url          = {https://pubmed.ncbi.nlm.nih.gov/22019751},
	eprint       = 22019751
}
@article{chap2_Farage2008,
	title        = {{Intrinsic and extrinsic factors in skin ageing: A review}},
	author       = {Farage, M. A. and Miller, K. W. and Elsner, P. and Maibach, H. I.},
	year         = 2008,
	journal      = {International Journal of Cosmetic Science},
	volume       = 30,
	number       = 2,
	pages        = {87--95},
	doi          = {10.1111/j.1468-2494.2007.00415.x},
	isbn         = {1468-2494 (Electronic)$\backslash$r0142-5463 (Linking)},
	issn         = {01425463},
	archiveprefix = {arXiv},
	arxivid      = {NIHMS150003},
	eprint       = {NIHMS150003},
	pmid         = 18377617
}
@article{chap2_Finch2016,
	title        = {Constant molecular aging rates vs. the exponential acceleration of mortality},
	author       = {Caleb E. Finch and Eileen M. Crimmins},
	year         = 2016,
	month        = {jan},
	journal      = {Proceedings of the National Academy of Sciences},
	publisher    = {Proceedings of the National Academy of Sciences},
	volume       = 113,
	number       = 5,
	pages        = {1121--1123},
	doi          = {10.1073/pnas.1524017113},
	url          = {https://doi.org/10.1073/pnas.1524017113}
}
@article{chap2_Fisher2002,
	title        = {{Mechanisms of photoaging and chronological skin aging}},
	author       = {Fisher, Gary J. and Kang, Sewon and Varani, James and Bata-Csorgo, Zsuzsanna and Wan, Yinsheng and Datta, Subhash and Voorhees, John J.},
	year         = 2002,
	journal      = {Archives of Dermatology},
	volume       = 138,
	number       = 11,
	pages        = {1462--1470},
	doi          = {10.1001/archderm.138.11.1462},
	isbn         = {0003-987X (Print)$\backslash$n0003-987X (Linking)},
	issn         = {0003987X},
	pmid         = 12437452
}
@article{chap2_Fitzgerald2011Jan,
	title        = {{The Interferon Inducible Gene: Viperin}},
	author       = {Fitzgerald, Katherine A.},
	year         = 2011,
	month        = {Jan},
	journal      = {J. Interferon Cytokine Res.},
	publisher    = {Mary Ann Liebert, Inc., publishers},
	volume       = 31,
	number       = 1,
	pages        = {131--135},
	doi          = {10.1089/jir.2010.0127},
	issn         = {1079-9907}
}
@article{chap2_Food1994Jan,
	title        = {{Transport and expression in human melanomas of a transferrin-like glycosylphosphatidylinositol-anchored protein.}},
	author       = {Food, M. R. and Rothenberger, S. and Gabathuler, R. and Haidl, I. D. and Reid, G. and Jefferies, W. A.},
	year         = 1994,
	month        = {Jan},
	journal      = {J. Biol. Chem.},
	publisher    = {Elsevier},
	volume       = 269,
	number       = 4,
	pages        = {3034--3040},
	doi          = {10.1016/S0021-9258(17)42043-6},
	issn         = {0021-9258}
}
@article{chap2_Franceschi2014Jun,
	title        = {{Chronic Inflammation (Inflammaging) and Its Potential Contribution to Age-Associated Diseases}},
	author       = {Franceschi, Claudio and Campisi, Judith},
	year         = 2014,
	month        = {Jun},
	journal      = {J. Gerontol. A Biol. Sci. Med. Sci.},
	publisher    = {Oxford Academic},
	volume       = 69,
	number       = {Suppl\_1},
	pages        = {S4--S9},
	doi          = {10.1093/gerona/glu057},
	issn         = {1079-5006}
}
@article{chap2_Franceschi2017,
	title        = {Inflammaging and `Garb-aging'},
	author       = {Claudio Franceschi and Paolo Garagnani and Giovanni Vitale and Miriam Capri and Stefano Salvioli},
	year         = 2017,
	month        = mar,
	journal      = {Trends in Endocrinology {\&} Metabolism},
	publisher    = {Elsevier {BV}},
	volume       = 28,
	number       = 3,
	pages        = {199--212},
	doi          = {10.1016/j.tem.2016.09.005},
	url          = {https://doi.org/10.1016/j.tem.2016.09.005}
}
@article{chap2_Franchini2006,
	title        = {Hemostasis and aging},
	author       = {Massimo Franchini},
	year         = 2006,
	month        = nov,
	journal      = {Critical Reviews in Oncology/Hematology},
	publisher    = {Elsevier {BV}},
	volume       = 60,
	number       = 2,
	pages        = {144--151},
	doi          = {10.1016/j.critrevonc.2006.06.004},
	url          = {https://doi.org/10.1016/j.critrevonc.2006.06.004}
}
@article{chap2_Frisch2020,
	title        = {Type I interferons and related pathways in cell senescence},
	author       = {Steven M. Frisch and Ian P. MacFawn},
	year         = 2020,
	month        = sep,
	journal      = {Aging Cell},
	publisher    = {Wiley},
	volume       = 19,
	number       = 10,
	doi          = {10.1111/acel.13234},
	url          = {https://doi.org/10.1111/acel.13234}
}
@article{chap2_Furuhata1996Nov,
	title        = {{Isolation of a novel GPI-anchored gene specifically regulated by p53; correlation between its expression and anti-cancer drug sensitivity}},
	author       = {Furuhata, T. and Tokino, T. and Urano, T. and Nakamura, Y.},
	year         = 1996,
	month        = {Nov},
	journal      = {Oncogene},
	publisher    = {Oncogene},
	volume       = 13,
	number       = 9,
	pages        = {1965--1970},
	issn         = {0950-9232},
	url          = {https://pubmed.ncbi.nlm.nih.gov/8934543},
	eprint       = 8934543
}
@article{chap2_Garasto2017Jul,
	title        = {{Thyroid hormones in extreme longevity}},
	author       = {Garasto, Sabrina and Montesanto, Alberto and Corsonello, Andrea and Lattanzio, Fabrizia and Fusco, Sergio and Passarino, Giuseppe and Prestipino Giarritta, Valeria and Corica, Francesco},
	year         = 2017,
	month        = {Jul},
	journal      = {Mech. Ageing Dev.},
	publisher    = {Elsevier},
	volume       = 165,
	pages        = {98--106},
	doi          = {10.1016/j.mad.2017.03.002},
	issn         = {0047-6374}
}
@article{chap2_Gilchrest1979,
	title        = {Effects of Aging and Chronic Sun Exposure on Melanocytes in Human Skin},
	author       = {Barbara A. Gilchrest and Frederick B. Blog and George Szabo},
	year         = 1979,
	month        = aug,
	journal      = {Journal of Investigative Dermatology},
	publisher    = {Elsevier {BV}},
	volume       = 73,
	number       = 2,
	pages        = {141--143},
	doi          = {10.1111/1523-1747.ep12581580},
	url          = {https://doi.org/10.1111/1523-1747.ep12581580}
}
@article{chap2_Ginger2008,
	title        = {{SLC}24A5 Encodes a trans-Golgi Network Protein with Potassium-dependent Sodium-Calcium Exchange Activity That Regulates Human Epidermal Melanogenesis},
	author       = {Rebecca S. Ginger and Sarah E. Askew and Richard M. Ogborne and Stephen Wilson and Dudley Ferdinando and Tony Dadd and Adrian M. Smith and Shubana Kazi and Robert T. Szerencsei and Robert J. Winkfein and Paul P.M. Schnetkamp and Martin R. Green},
	year         = 2008,
	month        = feb,
	journal      = {Journal of Biological Chemistry},
	publisher    = {Elsevier {BV}},
	volume       = 283,
	number       = 9,
	pages        = {5486--5495},
	doi          = {10.1074/jbc.m707521200},
	url          = {https://doi.org/10.1074/jbc.m707521200}
}
@article{chap2_GTEx2015,
	title        = {{The Genotype-Tissue Expression (GTEx) pilot analysis: Multitissue gene regulation in humans}},
	author       = {Ardlie, Kristin G. and DeLuca, David S. and Segr{\`{e}}, Ayellet V. and Sullivan, Timothy J. and Young, Taylor R. and Gelfand, Ellen T. and Trowbridge, Casandra A. and Maller, Julian B. and Tukiainen, Taru and Lek, Monkol and Ward, Lucas D. and Kheradpour, Pouya and Iriarte, Benjamin and Meng, Yan and Palmer, Cameron D. and Esko, T{\~{o}}nu and Winckler, Wendy and Hirschhorn, Joel N. and Kellis, Manolis and MacArthur, Daniel G. and Getz, Gad and Shabalin, Andrey A. and Li, Gen and Zhou, Yi Hui and Nobel, Andrew B. and Rusyn, Ivan and Wright, Fred A. and Lappalainen, Tuuli and Ferreira, Pedro G. and Ongen, Halit and Rivas, Manuel A. and Battle, Alexis and Mostafavi, Sara and Monlong, Jean and Sammeth, Michael and Mel{\'{e}}, Marta and Reverter, Ferran and Goldmann, Jakob M. and Koller, Daphne and Guig{\'{o}}, Roderic and McCarthy, Mark I. and Dermitzakis, Emmanouil T. and Gamazon, Eric R. and Im, Hae Kyung and Konkashbaev, Anuar and Nicolae, Dan L. and Cox, Nancy J. and Flutre, Timoth{\'{e}}e and Wen, Xiaoquan and Stephens, Matthew and Pritchard, Jonathan K. and Tu, Zhidong and Zhang, Bin and Huang, Tao and Long, Quan and Lin, Luan and Yang, Jialiang and Zhu, Jun and Liu, Jun and Brown, Amanda and Mestichelli, Bernadette and Tidwell, Denee and Lo, Edmund and Salvatore, Michael and Shad, Saboor and Thomas, Jeffrey A. and Lonsdale, John T. and Moser, Michael T. and Gillard, Bryan M. and Karasik, Ellen and Ramsey, Kimberly and Choi, Christopher and Foster, Barbara A. and Syron, John and Fleming, Johnell and Magazine, Harold and Hasz, Rick and Walters, Gary D. and Bridge, Jason P. and Miklos, Mark and Sullivan, Susan and Barker, Laura K. and Traino, Heather M. and Mosavel, Maghboeba and Siminoff, Laura A. and Valley, Dana R. and Rohrer, Daniel C. and Jewell, Scott D. and Branton, Philip A. and Sobin, Leslie H. and Barcus, Mary and Qi, Liqun and McLean, Jeffrey and Hariharan, Pushpa and Um, Ki Sung and Wu, Shenpei and Tabor, David and Shive, Charles and Smith, Anna M. and Buia, Stephen A. and Undale, Anita H. and Robinson, Karna L. and Roche, Nancy and Valentino, Kimberly M. and Britton, Angela and Burges, Robin and Bradbury, Debra and Hambright, Kenneth W. and Seleski, John and Korzeniewski, Greg E. and Erickson, Kenyon and Marcus, Yvonne and Tejada, Jorge and Taherian, Mehran and Lu, Chunrong and Basile, Margaret and Mash, Deborah C. and Volpi, Simona and Struewing, Jeffery P. and Temple, Gary F. and Boyer, Joy and Colantuoni, Deborah and Little, Roger and Koester, Susan and Carithers, Latarsha J. and Moore, Helen M. and Guan, Ping and Compton, Carolyn and Sawyer, Sherilyn J. and Demchok, Joanne P. and Vaught, Jimmie B. and Rabiner, Chana A. and Lockhart},
	year         = 2015,
	journal      = {Science},
	volume       = 348,
	number       = 6235,
	pages        = {648--660},
	doi          = {10.1126/science.1262110},
	isbn         = {0036-8075},
	issn         = 10959203,
	pmid         = 25954001
}
@incollection{chap2_Hakozaki2016Sep,
	title        = {{Hyperpigmentation in Aging Skin}},
	author       = {Hakozaki, Tomohiro and Swanson, Cheri L. and Bissett, Donald L.},
	year         = 2016,
	month        = {Sep},
	journal      = {SpringerLink},
	booktitle    = {{Textbook of Aging Skin}},
	publisher    = {Springer},
	address      = {Berlin, Germany},
	pages        = {1017--1026},
	doi          = {10.1007/978-3-662-47398-6_51},
	isbn         = {978-3-662-47397-9}
}
@article{chap2_Hamosh2005,
	title        = {Online Mendelian Inheritance in Man (OMIM), a knowledgebase of human genes and genetic disorders},
	author       = {Hamosh, Ada and Scott, Alan F. and Amberger, Joanna S. and Bocchini, Carol A. and McKusick, Victor A.},
	year         = 2005,
	month        = {01},
	journal      = {Nucleic Acids Research},
	volume       = 33,
	number       = {suppl\_1},
	pages        = {D514-D517},
	doi          = {10.1093/nar/gki033},
	issn         = {0305-1048},
	url          = {https://doi.org/10.1093/nar/gki033},
	eprint       = {https://academic.oup.com/nar/article-pdf/33/suppl\_1/D514/7621651/gki033.pdf}
}
@article{chap2_Hirschfield2003,
	title        = {C-reactive protein and cardiovascular disease: new insights from an old molecule},
	author       = {G.M. Hirschfield and M.B. Pepys},
	year         = 2003,
	month        = nov,
	journal      = {{QJM}: An International Journal of Medicine},
	publisher    = {Oxford University Press ({OUP})},
	volume       = 96,
	number       = 11,
	pages        = {793--807},
	doi          = {10.1093/qjmed/hcg134},
	url          = {https://doi.org/10.1093/qjmed/hcg134}
}
@article{chap2_Hoffmann2007Aug,
	title        = {{Identification of CLEC12B, an Inhibitory Receptor on Myeloid Cells {$\ast$}}},
	author       = {Hoffmann, Sabrina C. and Schellack, Carola and Textor, Sonja and Konold, Stephanie and Schmitz, Debora and Cerwenka, Adelheid and Pflanz, Stefan and Watzl, Carsten},
	year         = 2007,
	month        = {Aug},
	journal      = {J. Biol. Chem.},
	publisher    = {Elsevier},
	volume       = 282,
	number       = 31,
	pages        = {22370--22375},
	doi          = {10.1074/jbc.M704250200},
	issn         = {0021-9258}
}
@article{chap2_Hughes2000,
	title        = {{Functional Discovery via a Compendium of Expression Profiles}},
	author       = {Hughes, Timothy R and Marton, Matthew J and Jones, Allan R and Roberts, Christopher J and Stoughton, Roland and Armour, Christopher D and Bennett, Holly A and Coffey, Ernest and Dai, Hongyue and He, Yudong D and Kidd, Matthew J and King, Amy M and Meyer, Michael R and Slade, David and Lum, Pek Y and Stepaniants, Sergey B and Shoemaker, Daniel D and Gachotte, Daniel and Chakraburtty, Kalpana and Simon, Julian and Bard, Martin and Friend, Stephen H},
	year         = 2000,
	month        = {jul},
	journal      = {Cell},
	volume       = 102,
	number       = 1,
	pages        = {109--126},
	doi          = {10.1016/S0092-8674(00)00015-5},
	issn         = {00928674},
	url          = {https://linkinghub.elsevier.com/retrieve/pii/S0092867400000155}
}
@article{chap2_Infante2018,
	title        = {Osteogenesis and aging: lessons from mesenchymal stem cells},
	author       = {Arantza Infante and Clara I. Rodr{\'{\i}}guez},
	year         = 2018,
	month        = sep,
	journal      = {Stem Cell Research {\&} Therapy},
	publisher    = {Springer Science and Business Media {LLC}},
	volume       = 9,
	number       = 1,
	doi          = {10.1186/s13287-018-0995-x},
	url          = {https://doi.org/10.1186/s13287-018-0995-x}
}
@article{chap2_Kanehisa2019,
	title        = {{New approach for understanding genome variations in KEGG}},
	author       = {Kanehisa, Minoru and Sato, Yoko and Furumichi, Miho and Morishima, Kanae and Tanabe, Mao},
	year         = 2019,
	journal      = {Nucleic Acids Research},
	publisher    = {Oxford University Press},
	volume       = 47,
	number       = {D1},
	pages        = {D590--D595},
	doi          = {10.1093/nar/gky962},
	issn         = 13624962,
	pmid         = 30321428
}
@article{chap2_Kario1993,
	title        = {Lipid-related hemostatic abnormalities in the elderly: imbalance between coagulation and fibrinolysis},
	author       = {Kazuomi Kario and Takefumi Matsuo},
	year         = 1993,
	month        = nov,
	journal      = {Atherosclerosis},
	publisher    = {Elsevier {BV}},
	volume       = 103,
	number       = 2,
	pages        = {131--138},
	doi          = {10.1016/0021-9150(93)90256-t},
	url          = {https://doi.org/10.1016/0021-9150(93)90256-t}
}
@article{chap2_Keeling2019Nov,
	title        = {{Philosophy of Biology: The meanings of 'function' in biology and the problematic case of de novo gene emergence}},
	author       = {Keeling, Diane Marie and Garza, Patricia and Nartey, Charisse Michelle and Carvunis, Anne-Ruxandra},
	year         = 2019,
	month        = {Nov},
	journal      = {eLife},
	publisher    = {eLife Sciences Publications, Ltd},
	doi          = {10.7554/eLife.47014}
}
@article{chap2_Kohler2019,
	title        = {{Expansion of the Human Phenotype Ontology (HPO) knowledge base and resources}},
	author       = {K{\"{o}}hler, Sebastian and Carmody, Leigh and Vasilevsky, Nicole and Jacobsen, Julius O B and Danis, Daniel and Gourdine, Jean Philippe and Gargano, Michael and Harris, Nomi L and Matentzoglu, Nicolas and McMurry, Julie A and Osumi-Sutherland, David and Cipriani, Valentina and Balhoff, James P and Conlin, Tom and Blau, Hannah and Baynam, Gareth and Palmer, Richard and Gratian, Dylan and Dawkins, Hugh and Segal, Michael and Jansen, Anna C and Muaz, Ahmed and Chang, Willie H and Bergerson, Jenna and Laulederkind, Stanley J F and Y{\"{u}}ksel, Zafer and Beltran, Sergi and Freeman, Alexandra F and Sergouniotis, Panagiotis I and Durkin, Daniel and Storm, Andrea L and Hanauer, Marc and Brudno, Michael and Bello, Susan M and Sincan, Murat and Rageth, Kayli and Wheeler, Matthew T and Oegema, Renske and Lourghi, Halima and {Della Rocca}, Maria G and Thompson, Rachel and Castellanos, Francisco and Priest, James and Cunningham-Rundles, Charlotte and Hegde, Ayushi and Lovering, Ruth C and Hajek, Catherine and Olry, Annie and Notarangelo, Luigi and Similuk, Morgan and Zhang, Xingmin A and G{\'{o}}mez-Andr{\'{e}}s, David and Lochm{\"{u}}ller, Hanns and Dollfus, H{\'{e}}l{\`{e}}ne and Rosenzweig, Sergio and Marwaha, Shruti and Rath, Ana and Sullivan, Kathleen and Smith, Cynthia and Milner, Joshua D and Leroux, Doroth{\'{e}}e and Boerkoel, Cornelius F and Klion, Amy and Carter, Melody C and Groza, Tudor and Smedley, Damian and Haendel, Melissa A and Mungall, Chris and Robinson, Peter N},
	year         = 2019,
	journal      = {Nucleic Acids Research},
	volume       = 47,
	number       = {D1},
	pages        = {D1018----D1027},
	doi          = {10.1093/nar/gky1105},
	issn         = 13624962,
	pmid         = 30476213
}
@incollection{chap2_Kreiling2017Jan,
	title        = {{Contribution of Retrotransposable Elements to Aging}},
	author       = {Kreiling, Jill A. and Jones, Brian C. and Wood, Jason G. and De Cecco, Marco and Criscione, Steven W. and Neretti, Nicola and Helfand, Stephen L. and Sedivy, John M.},
	year         = 2017,
	month        = {Jan},
	journal      = {SpringerLink},
	booktitle    = {{Human Retrotransposons in Health and Disease}},
	publisher    = {Springer},
	address      = {Cham, Switzerland},
	pages        = {297--321},
	doi          = {10.1007/978-3-319-48344-3_13},
	isbn         = {978-3-319-48343-6}
}
@article{chap2_Kubben2017,
	title        = {{Shared molecular and cellular mechanisms of premature ageing and ageing-associated diseases}},
	author       = {Kubben, Nard and Misteli, Tom},
	year         = 2017,
	journal      = {Nature Reviews Molecular Cell Biology},
	publisher    = {Nature Publishing Group},
	volume       = 18,
	number       = 10,
	pages        = {595--609},
	doi          = {10.1038/nrm.2017.68},
	issn         = 14710080,
	url          = {http://dx.doi.org/10.1038/nrm.2017.68},
	pmid         = 28792007
}
@article{chap2_Leblond1956,
	title        = {Renewal of Cell Populations},
	author       = {C. P. Leblond and Bruce E. Walker},
	year         = 1956,
	month        = apr,
	journal      = {Physiological Reviews},
	publisher    = {American Physiological Society},
	volume       = 36,
	number       = 2,
	pages        = {255--276},
	doi          = {10.1152/physrev.1956.36.2.255},
	url          = {https://doi.org/10.1152/physrev.1956.36.2.255}
}
@article{chap2_Lemoine2021Dec,
	title        = {{GWENA: gene co-expression networks analysis and extended modules characterization in a single Bioconductor package}},
	author       = {Lemoine, Gwena{\ifmmode\ddot{e}\else\"{e}\fi}lle G. and Scott-Boyer, Marie-Pier and Ambroise, Bathilde and P{\ifmmode\acute{e}\else\'{e}\fi}rin, Olivier and Droit, Arnaud},
	year         = 2021,
	month        = {Dec},
	journal      = {BMC Bioinf.},
	publisher    = {BioMed Central},
	volume       = 22,
	number       = 1,
	pages        = {1--20},
	doi          = {10.1186/s12859-021-04179-4},
	issn         = {1471-2105}
}
@article{chap2_Lex2014,
	title        = {{UpSet: Visualization of intersecting sets}},
	author       = {Lex, Alexander and Gehlenborg, Nils and Strobelt, Hendrik and Vuillemot, Romain and Pfister, Hanspeter},
	year         = 2014,
	journal      = {IEEE Transactions on Visualization and Computer Graphics},
	publisher    = {IEEE},
	volume       = 20,
	number       = 12,
	pages        = {1983--1992},
	doi          = {10.1109/TVCG.2014.2346248},
	issn         = 10772626,
	pmid         = 26356912
}
@article{chap2_Liesecke2019,
	title        = {{Improved gene co-expression network quality through expression dataset down-sampling and network aggregation}},
	author       = {Liesecke, Franziska and {De Craene}, Johan Owen and Besseau, S{\'{e}}bastien and Courdavault, Vincent and Clastre, Marc and Verg{\`{e}}s, Valentin and Papon, Nicolas and Giglioli-Guivarc'h, Nathalie and Gl{\'{e}}varec, Ga{\"{e}}lle and Pichon, Olivier and {Dug{\'{e}} de Bernonville}, Thomas},
	year         = 2019,
	journal      = {Scientific Reports},
	volume       = 9,
	number       = 1,
	pages        = {1--16},
	doi          = {10.1038/s41598-019-50885-8},
	issn         = 20452322,
	pmid         = 31594989
}
@article{chap2_Lopez-Otin2013,
	title        = {{The hallmarks of aging}},
	author       = {L{\'{o}}pez-Ot{\'{i}}n, Carlos and Blasco, Maria A and Partridge, Linda and Serrano, Manuel and Kroemer, Guido},
	year         = 2013,
	journal      = {Cell},
	volume       = 153,
	number       = 6,
	doi          = {10.1016/j.cell.2013.05.039},
	isbn         = {0092-8674},
	issn         = 10974172,
	archiveprefix = {arXiv},
	arxivid      = {NIHMS150003},
	eprint       = {NIHMS150003},
	pmid         = 23746838
}
@article{chap2_Ma2020Mar,
	title        = {{Barrier-to-Autointegration Factor 1 Protects against a Basal cGAS-STING Response}},
	author       = {Ma, Hongming and Qian, Wei and Bambouskova, Monika and Collins, Patrick L. and Porter, Sofia I. and Byrum, Andrea K. and Zhang, Rong and Artyomov, Maxim and Oltz, Eugene M. and Mosammaparast, Nima and Miner, Jonathan J. and Diamond, Michael S.},
	year         = 2020,
	month        = {Mar},
	journal      = {mBio},
	publisher    = {American Society for Microbiology (ASM)},
	volume       = 11,
	number       = 2,
	doi          = {10.1128/mBio.00136-20}
}
@article{chap2_Matys2006,
	title        = {{TRANSFAC and its module TRANSCompel: transcriptional gene regulation in eukaryotes.}},
	author       = {Matys, V. and Kel-Margoulis, O. V. and Fricke, E. and Liebich, I. and Land, S. and Barre-Dirrie, A. and Reuter, I. and Chekmenev, D. and Krull, M. and Hornischer, K. and Voss, N. and Stegmaier, P. and Lewicki-Potapov, B. and Saxel, H. and Kel, A. E. and Wingender, E.},
	year         = 2006,
	journal      = {Nucleic acids research},
	volume       = 34,
	number       = {Database issue},
	pages        = {108--110},
	doi          = {10.1093/nar/gkj143},
	issn         = 13624962,
	pmid         = 16381825
}
@article{chap2_Minciullo2015,
	title        = {Inflammaging and Anti-Inflammaging: The Role of Cytokines in Extreme Longevity},
	author       = {Paola Lucia Minciullo and Antonino Catalano and Giuseppe Mandraffino and Marco Casciaro and Andrea Crucitti and Giuseppe Maltese and Nunziata Morabito and Antonino Lasco and Sebastiano Gangemi and Giorgio Basile},
	year         = 2015,
	month        = dec,
	journal      = {Archivum Immunologiae et Therapiae Experimentalis},
	publisher    = {Springer Science and Business Media {LLC}},
	volume       = 64,
	number       = 2,
	pages        = {111--126},
	doi          = {10.1007/s00005-015-0377-3},
	url          = {https://doi.org/10.1007/s00005-015-0377-3}
}
@phdthesis{chap2_montaudie2019,
	title        = {CLEC12B un g√®ne de la famille des lectines  impliqu√© dans le processus de melanomag√©n√®se en agissant comme un g√®ne suppresseur de tumeurs : CLEC12B un g√®ne suppresseur de tumeurs impliqu√© dans le m√©lanome},
	author       = {Montaudi{\ifmmode\acute{e}\else\'{e}\fi}, Henri},
	year         = 2019,
	url          = {http://www.theses.fr/2019AZUR6013},
	note         = {2019AZUR6013},
	school       = {Universit√© C√¥te d'Azur (ComUE)}
}
@article{chap2_Motegi2015,
	title        = {Pathogenesis of Multiple Lentigines in {LEOPARD} Syndrome with {PTPN}11 Gene Mutation},
	author       = {S Motegi and Y Yokoyama and S Ogino and K Yamada and A Uchiyama and B Perera and Y Takeuchi and H Ohnishi and O Ishikawa},
	year         = 2015,
	journal      = {Acta Dermato Venereologica},
	publisher    = {Acta Dermato-Venereologica},
	volume       = 95,
	number       = 8,
	pages        = {978--984},
	doi          = {10.2340/00015555-2123},
	url          = {https://doi.org/10.2340/00015555-2123}
}
@article{chap2_Nieuwenhuis2020,
	title        = {{Consistent RNA sequencing contamination in GTEx and other data sets}},
	author       = {Nieuwenhuis, Tim O. and Yang, Stephanie Y. and Verma, Rohan X. and Pillalamarri, Vamsee and Arking, Dan E. and Rosenberg, Avi Z. and McCall, Matthew N. and Halushka, Marc K.},
	year         = 2020,
	journal      = {Nature Communications},
	publisher    = {Springer US},
	volume       = 11,
	number       = 1,
	doi          = {10.1038/s41467-020-15821-9},
	issn         = 20411723,
	url          = {http://dx.doi.org/10.1038/s41467-020-15821-9},
	pmid         = 32321923
}
@article{chap2_Okamura2017Feb,
	title        = {{Microsatellite polymorphism located immediately upstream of the phosphatidylinositol glycan, class K gene (PIGK) affects its expression, which correlates with tyrosinase activity in human melanocytes}},
	author       = {Okamura, Ken and Hayashi, Masahiro and Abe, Yuko and Araki, Yuta and Hozumi, Yutaka and Suzuki, Tamio},
	year         = 2017,
	month        = {Feb},
	journal      = {J. Dermatol. Sci.},
	publisher    = {Elsevier},
	volume       = 85,
	number       = 2,
	pages        = {131--134},
	doi          = {10.1016/j.jdermsci.2016.10.012},
	issn         = {0923-1811}
}
@article{chap2_Parra2004Nov,
	title        = {{Implications of correlations between skin color and genetic ancestry for biomedical research}},
	author       = {Parra, E. J. and Kittles, R. A. and Shriver, M. D.},
	year         = 2004,
	month        = {Nov},
	journal      = {Nat. Genet.},
	publisher    = {Nature Publishing Group},
	volume       = 36,
	number       = 11,
	doi          = {10.1038/ng1440},
	issn         = {1546-1718}
}
@article{chap2_Parsana2019,
	title        = {{Addressing confounding artifacts in reconstruction of gene co-expression networks}},
	author       = {Parsana, Princy and Ruberman, Claire and Jaffe, Andrew E. and Schatz, Michael C. and Battle, Alexis and Leek, Jeffrey T.},
	year         = 2019,
	journal      = {Genome Biology},
	publisher    = {Genome Biology},
	volume       = 20,
	number       = 1,
	pages        = 94,
	doi          = {10.1186/s13059-019-1700-9},
	issn         = {1474-760X},
	url          = {https://genomebiology.biomedcentral.com/articles/10.1186/s13059-019-1700-9}
}
@article{chap2_Pierson2015,
	title        = {{Sharing and Specificity of Co-expression Networks across 35 Human Tissues}},
	author       = {Pierson, Emma and Koller, Daphne and Battle, Alexis and Mostafavi, Sara},
	year         = 2015,
	journal      = {PLoS Computational Biology},
	volume       = 11,
	number       = 5,
	pages        = {1--19},
	doi          = {10.1371/journal.pcbi.1004220},
	isbn         = {15537358 (Electronic)},
	issn         = 15537358,
	pmid         = 25970446
}
@article{chap2_QiujingYu2015May,
	title        = {{DNA-damage-induced type I interferon promotes senescence and inhibits stem cell function}},
	author       = {Qiujing Yu, {\#} and Yuliya V. Katlinskaya, {\#} and Carbone, Christopher J. and Zhao, Bin and Katlinski, Kanstantsin V. and Zheng, Hui and Guha, Manti and Li, Ning and Chen, Qijun and Yang, Ting and Lengner, Christopher J. and Greenberg, Roger A. and Johnson, F. Brad and Fuchs, Serge Y.},
	year         = 2015,
	month        = {May},
	journal      = {Cell Rep.},
	publisher    = {The AuthorsElsevier Inc},
	volume       = 11,
	number       = 5,
	pages        = {785--797},
	doi          = {10.1016/j.celrep.2015.03.069},
	issn         = {2211-1247},
	eprint       = 25921537
}
@article{chap2_Ratajczak2017,
	title        = {{A Novel View of the Adult Stem Cell Compartment from the Perspective of a Quiescent Population of Very Small Embryonic-Like Stem Cells}},
	author       = {Ratajczak, Mariusz Z. and Ratajczak, Janina and Suszynska, Malwina and Miller, Donald M. and Kucia, Magda and Shin, Dong Myung},
	year         = 2017,
	journal      = {Circulation Research},
	volume       = 120,
	number       = 1,
	pages        = {166--178},
	doi          = {10.1161/CIRCRESAHA.116.309362},
	issn         = 15244571,
	pmid         = 28057792
}
@article{chap2_Ritchie2016,
	title        = {{A Scalable Permutation Approach Reveals Replication and Preservation Patterns of Network Modules in Large Datasets}},
	author       = {Ritchie, Scott C. and Watts, Stephen and Fearnley, Liam G. and Holt, Kathryn E. and Abraham, Gad and Inouye, Michael},
	year         = 2016,
	journal      = {Cell Systems},
	publisher    = {The Author(s)},
	volume       = 3,
	number       = 1,
	pages        = {71--82},
	doi          = {10.1016/j.cels.2016.06.012},
	issn         = 24054720,
	url          = {http://dx.doi.org/10.1016/j.cels.2016.06.012},
	pmid         = 27467248
}
@article{chap2_Rocke2001,
	title        = {A Model for Measurement Error for Gene Expression Arrays},
	author       = {David M. Rocke and Blythe Durbin},
	year         = 2001,
	month        = nov,
	journal      = {Journal of Computational Biology},
	publisher    = {Mary Ann Liebert Inc},
	volume       = 8,
	number       = 6,
	pages        = {557--569},
	doi          = {10.1089/106652701753307485},
	url          = {https://doi.org/10.1089/106652701753307485}
}
@misc{chap2_rrvgo2021,
	title        = {{rrvgo}},
	year         = 2021,
	month        = {Jun},
	journal      = {Bioconductor},
	url          = {https://bioconductor.org/packages/release/bioc/html/rrvgo.html},
	note         = {[Online; accessed 22. Jun. 2021]}
}
@article{chap2_Ruepp2008,
	title        = {{CORUM: The comprehensive resource of mammalian protein complexes}},
	author       = {Ruepp, Andreas and Brauner, Barbara and Dunger-Kaltenbach, Irmtraud and Frishman, Goar and Montrone, Corinna and Stransky, Michael and Waegele, Brigitte and Schmidt, Thorsten and Doudieu, Octave Noubibou and St{\"{u}}mpflen, Volker and Mewes, H. Werner},
	year         = 2008,
	journal      = {Nucleic Acids Research},
	volume       = 36,
	number       = {SUPPL. 1},
	pages        = {646--650},
	doi          = {10.1093/nar/gkm936},
	issn         = {03051048},
	pmid         = 17965090
}
@article{chap2_Schoggins2011,
	title        = {Interferon-stimulated genes and their antiviral effector functions},
	author       = {John W Schoggins and Charles M Rice},
	year         = 2011,
	month        = dec,
	journal      = {Current Opinion in Virology},
	publisher    = {Elsevier {BV}},
	volume       = 1,
	number       = 6,
	pages        = {519--525},
	doi          = {10.1016/j.coviro.2011.10.008},
	url          = {https://doi.org/10.1016/j.coviro.2011.10.008}
}
@article{chap2_Sharan2006,
	title        = {Modeling cellular machinery through biological network comparison},
	author       = {Roded Sharan and Trey Ideker},
	year         = 2006,
	month        = apr,
	journal      = {Nature Biotechnology},
	publisher    = {Springer Science and Business Media {LLC}},
	volume       = 24,
	number       = 4,
	pages        = {427--433},
	doi          = {10.1038/nbt1196},
	url          = {https://doi.org/10.1038/nbt1196}
}
@article{chap2_Slenter2018,
	title        = {{WikiPathways: A multifaceted pathway database bridging metabolomics to other omics research}},
	author       = {Slenter, Denise N. and Kutmon, Martina and Hanspers, Kristina and Riutta, Anders and Windsor, Jacob and Nunes, Nuno and M{\'{e}}lius, Jonathan and Cirillo, Elisa and Coort, Susan L. and DIgles, Daniela and Ehrhart, Friederike and Giesbertz, Pieter and Kalafati, Marianthi and Martens, Marvin and Miller, Ryan and Nishida, Kozo and Rieswijk, Linda and Waagmeester, Andra and Eijssen, Lars M.T. and Evelo, Chris T. and Pico, Alexander R. and Willighagen, Egon L.},
	year         = 2018,
	journal      = {Nucleic Acids Research},
	volume       = 46,
	number       = {D1},
	pages        = {D661--D667},
	doi          = {10.1093/nar/gkx1064},
	issn         = 13624962,
	pmid         = 29136241
}
@phdthesis{chap2_Sormani2019,
	title        = {Identification d‚Äôun nouveau g√®ne dans la pigmentation cutan√©e - CLEC12B},
	author       = {Sormani, Laura},
	year         = 2019,
	url          = {http://www.theses.fr/2019AZUR6037},
	school       = {Universit√© C√¥te d'Azur (ComUE)}
}
@article{chap2_Southworth2009,
	title        = {{Aging Mice Show a Decreasing Correlation of Gene Expression within Genetic Modules}},
	author       = {Southworth, Lucinda K. and Owen, Art B. and Kim, Stuart K.},
	year         = 2009,
	month        = {dec},
	journal      = {PLoS Genetics},
	volume       = 5,
	number       = 12,
	pages        = {e1000776},
	doi          = {10.1371/journal.pgen.1000776},
	issn         = {1553-7404},
	url          = 9,
	editor       = {Copenhaver, Gregory P.}
}
@article{chap2_Supek2011Jul,
	title        = {{REVIGO Summarizes and Visualizes Long Lists of Gene Ontology Terms}},
	author       = {Supek, Fran and Bo{\ifmmode\check{s}\else\v{s}\fi}njak, Matko and {\ifmmode\check{S}\else\v{S}\fi}kunca, Nives and {\ifmmode\check{S}\else\v{S}\fi}muc, Tomislav},
	year         = 2011,
	month        = {Jul},
	journal      = {PLoS One},
	publisher    = {Public Library of Science},
	volume       = 6,
	number       = 7,
	pages        = {e21800},
	doi          = {10.1371/journal.pone.0021800},
	issn         = {1932-6203}
}
@article{chap2_Tang2017,
	title        = {{GEPIA}: a web server for cancer and normal gene expression profiling and interactive analyses},
	author       = {Zefang Tang and Chenwei Li and Boxi Kang and Ge Gao and Cheng Li and Zemin Zhang},
	year         = 2017,
	month        = apr,
	journal      = {Nucleic Acids Research},
	publisher    = {Oxford University Press ({OUP})},
	volume       = 45,
	number       = {W1},
	pages        = {W98--W102},
	doi          = {10.1093/nar/gkx247},
	url          = {https://doi.org/10.1093/nar/gkx247}
}
@article{chap2_Todhunter2018,
	title        = {{Tissue aging: the integration of collective and variant responses of cells to entropic forces over time}},
	author       = {Todhunter, Michael E. and Sayaman, Rosalyn W. and Miyano, Masaru and LaBarge, Mark A.},
	year         = 2018,
	journal      = {Current Opinion in Cell Biology},
	publisher    = {Elsevier Ltd},
	volume       = 54,
	pages        = {121--129},
	doi          = {10.1016/j.ceb.2018.05.016},
	issn         = 18790410,
	url          = {https://doi.org/10.1016/j.ceb.2018.05.016},
	pmid         = 29908481
}
@article{chap2_Tolleson2005,
	title        = {{Human melanocyte biology, toxicology, and pathology}},
	author       = {Tolleson, William H.},
	year         = 2005,
	journal      = {J. Environ. Sci. Health, Part C Environ. Carcinog. Ecotoxicol. Rev.},
	publisher    = {J Environ Sci Health C Environ Carcinog Ecotoxicol Rev},
	volume       = 23,
	number       = 2,
	pages        = {105--161},
	doi          = {10.1080/10590500500234970},
	issn         = {1059-0501},
	eprint       = 16291526
}
@article{chap2_Tone2019,
	title        = {C-type lectin receptors of the Dectin-1 cluster: Physiological roles and involvement in disease},
	author       = {Kazuya Tone and Mark H.T. Stappers and Janet A. Willment and Gordon D. Brown},
	year         = 2019,
	month        = nov,
	journal      = {European Journal of Immunology},
	publisher    = {Wiley},
	volume       = 49,
	number       = 12,
	pages        = {2127--2133},
	doi          = {10.1002/eji.201847536},
	url          = {https://doi.org/10.1002/eji.201847536}
}
@article{chap2_Way2020,
	title        = {Compressing gene expression data using multiple latent space dimensionalities learns complementary biological representations},
	author       = {Gregory P. Way and Michael Zietz and Vincent Rubinetti and Daniel S. Himmelstein and Casey S. Greene},
	year         = 2020,
	month        = may,
	journal      = {Genome Biology},
	publisher    = {Springer Science and Business Media {LLC}},
	volume       = 21,
	number       = 1,
	doi          = {10.1186/s13059-020-02021-3},
	url          = {https://doi.org/10.1186/s13059-020-02021-3}
}
@article{chap2_Yamamoto2014,
	title        = {Decreased lipid absorption due to reduced pancreatic lipase activity in aging male mice},
	author       = {Kazushi Yamamoto and Yasuna Kitano and  Shuang E and Yu Hatakeyama and Yu Sakamoto and Taro Honma and Tsuyoshi Tsuduki},
	year         = 2014,
	month        = jul,
	journal      = {Biogerontology},
	publisher    = {Springer Science and Business Media {LLC}},
	volume       = 15,
	number       = 5,
	pages        = {463--473},
	doi          = {10.1007/s10522-014-9512-5},
	url          = {https://doi.org/10.1007/s10522-014-9512-5}
}
@article{chap2_Zhang2005a,
	title        = {{A general framework for weighted gene co-expression network analysis}},
	author       = {Zhang, Bin and Horvath, Steve},
	year         = 2005,
	journal      = {Statistical Applications in Genetics and Molecular Biology},
	volume       = 4,
	number       = 1,
	doi          = {10.2202/1544-6115.1128},
	issn         = 15446115,
	pmid         = 16646834
}
@article{chap2_Zhang2013,
	title        = {Loss of {SHP}-2 activity in {CD}4+ T cells promotes melanoma progression and metastasis},
	author       = {Tao Zhang and Wenjie Guo and Yang Yang and Wen Liu and Lele Guo and Yanhong Gu and Yongqian Shu and Lu Wang and Xuefeng Wu and Zichun Hua and Yuehai Ke and Yang Sun and Yan Shen and Qiang Xu},
	year         = 2013,
	month        = oct,
	journal      = {Scientific Reports},
	publisher    = {Springer Science and Business Media {LLC}},
	volume       = 3,
	number       = 1,
	doi          = {10.1038/srep02845},
	url          = {https://doi.org/10.1038/srep02845}
}
@article{chap2_Zhang2019,
	title        = {Mitochondrial {NCKX}5 regulates melanosomal biogenesis and pigment production},
	author       = {Zhao Zhang and Juanjuan Gong and Elena V. Sviderskaya and Aihua Wei and Wei Li},
	year         = 2019,
	month        = jan,
	journal      = {Journal of Cell Science},
	publisher    = {The Company of Biologists},
	doi          = {10.1242/jcs.232009},
	url          = {https://doi.org/10.1242/jcs.232009}
}
