@article{Morris2010Aug,
	author = {Morris, David J.},
	title = {{Cell formation by myxozoan species is not explained by dogma}},
	journal = {Proc. R. Soc. B.},
	volume = {277},
	number = {1693},
	pages = {2565--2570},
	year = {2010},
	month = {Aug},
	issn = {1471-2954},
	publisher = {The Royal Society},
	doi = {10.1098/rspb.2010.0282}
}
@article{Bianconi2013,
  doi = {10.3109/03014460.2013.807878},
  url = {https://doi.org/10.3109/03014460.2013.807878},
  year = {2013},
  month = jul,
  publisher = {Informa {UK} Limited},
  volume = {40},
  number = {6},
  pages = {463--471},
  author = {Eva Bianconi and Allison Piovesan and Federica Facchin and Alina Beraudi and Raffaella Casadei and Flavia Frabetti and Lorenza Vitale and Maria Chiara Pelleri and Simone Tassani and Francesco Piva and Soledad Perez-Amodio and Pierluigi Strippoli and Silvia Canaider},
  title = {An estimation of the number of cells in the human body},
  journal = {Annals of Human Biology}
}
@article{Panina2020Sep,
	author = {Panina, Yulia and Karagiannis, Peter and Kurtz, Andreas and Stacey, Glyn N. and Fujibuchi, Wataru},
	title = {{Human Cell Atlas and cell-type authentication for regenerative medicine}},
	journal = {Exp. Mol. Med.},
	volume = {52},
	pages = {1443--1451},
	year = {2020},
	month = {Sep},
	issn = {2092-6413},
	publisher = {Nature Publishing Group},
	doi = {10.1038/s12276-020-0421-1}
}
@article{Yuki2007Apr,
	author = {Yuki, Takuo and Haratake, Akinori and Koishikawa, Hisa and Morita, Kazumasa and Miyachi, Yoshiki and Inoue, Shintaro},
	title = {{Tight junction proteins in keratinocytes: localization and contribution to barrier function}},
	journal = {Exp. Dermatol.},
	volume = {16},
	number = {4},
	pages = {324--330},
	year = {2007},
	month = {Apr},
	issn = {0906-6705},
	publisher = {John Wiley {\&} Sons, Ltd},
	doi = {10.1111/j.1600-0625.2006.00539.x}
}
@article{Yuan1991Aug,
	author = {Yuan, F. and Chien, S. and Weinbaum, S.},
	title = {{A New View of Convective-Diffusive Transport Processes in the Arterial Intima}},
	journal = {J. Biomech. Eng.},
	volume = {113},
	number = {3},
	pages = {314--329},
	year = {1991},
	month = {Aug},
	issn = {0148-0731},
	publisher = {American Society of Mechanical Engineers Digital Collection},
	doi = {10.1115/1.2894890}
}
@book{Trounson2013,
  title={Biology and pathology of the oocyte: role in fertility, medicine and nuclear reprograming},
  author={Trounson, Alan and Gosden, Roger and Eichenlaub-Ritter, Ursula},
  year={2013},
  publisher={Cambridge University Press}
}
@article{Hekselman2020Mar,
	author = {Hekselman, Idan and Yeger-Lotem, Esti},
	title = {{Mechanisms of tissue and cell-type specificity in heritable traits and diseases}},
	journal = {Nat. Rev. Genet.},
	volume = {21},
	pages = {137--150},
	year = {2020},
	month = {Mar},
	issn = {1471-0064},
	publisher = {Nature Publishing Group},
	doi = {10.1038/s41576-019-0200-9}
}
@article{Bettley1965,
author = {Bettley, F. R.},
doi = {10.1136/bmj.1.5428.178},
file = {:home/gwenchul/AdCloud/Projects{\_}GL/PhDGwen/ThesisLinked/Publications/1965{\_}BMJ{\_}Bettley.pdf:pdf},
isbn = {0632064293},
issn = {0959-8138},
journal = {BMJ},
month = {jan},
number = {5428},
pages = {178--178},
title = {{Textbook of Dermatology}},
url = {https://www.bmj.com/lookup/doi/10.1136/bmj.1.5428.178},
volume = {1},
year = {1965}
}
@article{Jacob1961Jun,
	author = {Jacob, Fran{\ifmmode\mbox{\c{c}}\else\c{c}\fi}ois and Monod, Jacques},
	title = {{Genetic regulatory mechanisms in the synthesis of proteins}},
	journal = {J. Mol. Biol.},
	volume = {3},
	number = {3},
	pages = {318--356},
	year = {1961},
	month = {Jun},
	issn = {0022-2836},
	publisher = {Academic Press},
	doi = {10.1016/S0022-2836(61)80072-7}
}
@article{Levo2014Jul,
	author = {Levo, Michal and Segal, Eran},
	title = {{In pursuit of design principles of regulatory sequences}},
	journal = {Nat. Rev. Genet.},
	volume = {15},
	pages = {453--468},
	year = {2014},
	month = {Jul},
	issn = {1471-0064},
	publisher = {Nature Publishing Group},
	doi = {10.1038/nrg3684}
}
@article{Chen2020May,
	author = {Chen, Andrew and Koehler, Angela N.},
	title = {{Transcription Factor Inhibition: Lessons Learned and Emerging Targets}},
	journal = {Trends Mol. Med.},
	volume = {26},
	number = {5},
	pages = {508--518},
	year = {2020},
	month = {May},
	issn = {1471-4914},
	publisher = {Elsevier Current Trends},
	doi = {10.1016/j.molmed.2020.01.004}
}
@article{Kadauke2009Jan,
	author = {Kadauke, Stephan and Blobel, Gerd A.},
	title = {{Chromatin loops in gene regulation}},
	journal = {Biochimica et Biophysica Acta (BBA) - Gene Regulatory Mechanisms},
	volume = {1789},
	number = {1},
	pages = {17--25},
	year = {2009},
	month = {Jan},
	issn = {1874-9399},
	publisher = {Elsevier},
	doi = {10.1016/j.bbagrm.2008.07.002}
}
@article{Mercer2010Nov,
	author = {Mercer, Tim R. and Dinger, Marcel E. and Bracken, Cameron P. and Kolle, Gabriel and Szubert, Jan M. and Korbie, Darren J. and Askarian-Amiri, Marjan E. and Gardiner, Brooke B. and Goodall, Gregory J. and Grimmond, Sean M. and Mattick, John S.},
	title = {{Regulated post-transcriptional RNA cleavage diversifies the eukaryotic transcriptome}},
	journal = {Genome Res.},
	volume = {20},
	number = {12},
	pages = {1639--1650},
	year = {2010},
	month = {Nov},
	issn = {1088-9051},
	publisher = {Cold Spring Harbor Lab},
	doi = {10.1101/gr.112128.110}
}
@article{Gutierrez-Arcelus2013Jun,
	author = {Gutierrez-Arcelus, Maria and Lappalainen, Tuuli and Montgomery, Stephen B. and Buil, Alfonso and Ongen, Halit and Yurovsky, Alisa and Bryois, Julien and Giger, Thomas and Romano, Luciana and Planchon, Alexandra and Falconnet, Emilie and Bielser, Deborah and Gagnebin, Maryline and Padioleau, Ismael and Borel, Christelle and Letourneau, Audrey and Makrythanasis, Periklis and Guipponi, Michel and Gehrig, Corinne and Antonarakis, Stylianos E. and Dermitzakis, Emmanouil T.},
	title = {{Passive and active DNA methylation and the interplay with genetic variation in gene regulation}},
	journal = {eLife},
	year = {2013},
	month = {Jun},
	publisher = {eLife Sciences Publications, Ltd},
	doi = {10.7554/eLife.00523}
}
@article{Yu2001,
  doi = {10.1128/mcb.21.17.5879-5888.2001},
  url = {https://doi.org/10.1128/mcb.21.17.5879-5888.2001},
  year = {2001},
  month = sep,
  publisher = {American Society for Microbiology},
  volume = {21},
  number = {17},
  pages = {5879--5888},
  author = {Jia Yu and J. Eric Russell},
  title = {Structural and Functional Analysis of an {mRNP} Complex That Mediates the High Stability of Human \textbeta-Globin {mRNA}},
  journal = {Molecular and Cellular Biology}
}
@article{Patil2014Jan,
	author = {Patil, Veena S. and Zhou, Rui and Rana, Tariq M.},
	title = {{Gene regulation by non-coding RNAs}},
	journal = {Crit. Rev. Biochem. Mol. Biol.},
	volume = {49},
	number = {1},
	pages = {16--32},
	year = {2014},
	month = {Jan},
	issn = {1040-9238},
	publisher = {Taylor {\&} Francis},
	doi = {10.3109/10409238.2013.844092}
}
@article{Meijer2013Apr,
	author = {Meijer, H. A. and Kong, Y. W. and Lu, W. T. and Wilczynska, A. and Spriggs, R. V. and Robinson, S. W. and Godfrey, J. D. and Willis, A. E. and Bushell, M.},
	title = {{Translational Repression and eIF4A2 Activity Are Critical for MicroRNA-Mediated Gene Regulation}},
	journal = {Science},
	volume = {340},
	number = {6128},
	pages = {82--85},
	year = {2013},
	month = {Apr},
	issn = {0036-8075},
	publisher = {American Association for the Advancement of Science},
	doi = {10.1126/science.1231197}
}
@article{Krishna2021Mar,
	author = {Krishna, Srikar and Raghavan, Srikala and DasGupta, Ramanuj and Palakodeti, Dasaradhi},
	title = {{tRNA-derived fragments (tRFs): establishing their turf in post-transcriptional gene regulation}},
	journal = {Cell. Mol. Life Sci.},
	volume = {78},
	number = {6},
	pages = {2607--2619},
	year = {2021},
	month = {Mar},
	issn = {1420-9071},
	publisher = {Springer International Publishing},
	doi = {10.1007/s00018-020-03720-7}
}
@article{Khajuria2018Mar,
	author = {Khajuria, Rajiv K. and Munschauer, Mathias and Ulirsch, Jacob C. and Fiorini, Claudia and Ludwig, Leif S. and McFarland, Sean K. and Abdulhay, Nour J. and Specht, Harrison and Keshishian, Hasmik and Mani, D. R. and Jovanovic, Marko and Ellis, Steven R. and Fulco, Charles P. and Engreitz, Jesse M. and Sch{\ifmmode\ddot{u}\else\"{u}\fi}tz, Sabina and Lian, John and Gripp, Karen W. and Weinberg, Olga K. and Pinkus, Geraldine S. and Gehrke, Lee and Regev, Aviv and Lander, Eric S. and Gazda, Hanna T. and Lee, Winston Y. and Panse, Vikram G. and Carr, Steven A. and Sankaran, Vijay G.},
	title = {{Ribosome Levels Selectively Regulate Translation and Lineage Commitment in Human Hematopoiesis}},
	journal = {Cell},
	volume = {173},
	number = {1},
	pages = {90--103.e19},
	year = {2018},
	month = {Mar},
	issn = {0092-8674},
	publisher = {Cell Press},
	doi = {10.1016/j.cell.2018.02.036}
}
@book{Mathews2012,
   title =     {Biochemistry},
   author =    {Christopher K., Mathews and Kensal E., van Holde and Dean R., Appling and Spencer J., Anthony-Cahill},
   publisher = {Pearson},
   isbn =      {0138004641,9780138004644},
   year =      {2012},
   series =    {},
   edition =   {4th},
   volume =    {},
   url =       {http://gen.lib.rus.ec/book/index.php?md5=e7947ec53537d1d04db5497857c1c3fd}
}
@article{Morozova2009Aug,
	author = {Morozova, Olena and Hirst, Martin and Marra, Marco A.},
	title = {{Applications of New Sequencing Technologies for Transcriptome Analysis}},
	journal = {Annu. Rev. Genomics Hum. Genet.},
	volume = {10},
	number = {1},
	pages = {135--151},
	year = {2009},
	month = {Aug},
	issn = {1527-8204},
	publisher = {Annual Reviews},
	doi = {10.1146/annurev-genom-082908-145957}
}
@article{Hughes2000,
author = {Hughes, Timothy R and Marton, Matthew J and Jones, Allan R and Roberts, Christopher J and Stoughton, Roland and Armour, Christopher D and Bennett, Holly A and Coffey, Ernest and Dai, Hongyue and He, Yudong D and Kidd, Matthew J and King, Amy M and Meyer, Michael R and Slade, David and Lum, Pek Y and Stepaniants, Sergey B and Shoemaker, Daniel D and Gachotte, Daniel and Chakraburtty, Kalpana and Simon, Julian and Bard, Martin and Friend, Stephen H},
doi = {10.1016/S0092-8674(00)00015-5},
file = {:home/gwenchul/AdCloud/Projects{\_}GL/PhDGwen/ThesisLinked/Publications/2000{\_}Cell{\_}Hughes et al.pdf:pdf},
issn = {00928674},
journal = {Cell},
keywords = {Acute Kidney Injury,Humans,Hypertension,Kidney Calculi,Lithotripsy,Renal,Risk Factors},
month = {jul},
number = {1},
pages = {109--126},
title = {{Functional Discovery via a Compendium of Expression Profiles}},
url = {https://linkinghub.elsevier.com/retrieve/pii/S0092867400000155},
volume = {102},
year = {2000}
}
@article{Godoy2018Jul,
	author = {Godoy, Patricio and Schmidt-Heck, Wolfgang and Hellwig, Birte and Nell, Patrick and Feuerborn, David and Rahnenf{\ifmmode\ddot{u}\else\"{u}\fi}hrer, J{\ifmmode\ddot{o}\else\"{o}\fi}rg and Kattler, Kathrin and Walter, J{\ifmmode\ddot{o}\else\"{o}\fi}rn and Bl{\ifmmode\ddot{u}\else\"{u}\fi}thgen, Nils and Hengstler, Jan G.},
	title = {{Assessment of stem cell differentiation based on genome-wide expression profiles}},
	journal = {Philos. Trans. R. Soc. Lond. B Biol. Sci.},
	volume = {373},
	number = {1750},
	year = {2018},
	month = {Jul},
	publisher = {The Royal Society},
	doi = {10.1098/rstb.2017.0221}
}
@article{Segales2016Dec,
	author = {Segal{\ifmmode\acute{e}\else\'{e}\fi}s, Jessica and Islam, Abul B. M. M. K. and Kumar, Roshan and Liu, Qi-Cai and Sousa-Victor, Pedro and Dilworth, F. Jeffrey and Ballestar, Esteban and Perdiguero, Eusebio and Mu{\ifmmode\tilde{n}\else\~{n}\fi}oz-C{\ifmmode\acute{a}\else\'{a}\fi}noves, Pura},
	title = {{Chromatin-wide and transcriptome profiling integration uncovers p38{$\alpha$} MAPK as a global regulator of skeletal muscle differentiation}},
	journal = {Skeletal Muscle},
	volume = {6},
	number = {1},
	pages = {1--15},
	year = {2016},
	month = {Dec},
	issn = {2044-5040},
	publisher = {BioMed Central},
	doi = {10.1186/s13395-016-0074-x}
}
@article{Munji2019Nov,
	author = {Munji, Roeben Nocon and Soung, Allison Luen and Weiner, Geoffrey Aaron and Sohet, Fabien and Semple, Bridgette Deanne and Trivedi, Alpa and Gimlin, Kayleen and Kotoda, Masakazu and Korai, Masaaki and Aydin, Sidar and Batugal, Austin and Cabangcala, Anne Christelle and Schupp, Patrick Georg and Oldham, Michael Clark and Hashimoto, Tomoki and Noble-Haeusslein, Linda J. and Daneman, Richard},
	title = {{Profiling the mouse brain endothelial transcriptome in health and disease models reveals a core blood{\textendash}brain barrier dysfunction module}},
	journal = {Nat. Neurosci.},
	volume = {22},
	pages = {1892--1902},
	year = {2019},
	month = {Nov},
	issn = {1546-1726},
	publisher = {Nature Publishing Group},
	doi = {10.1038/s41593-019-0497-x}
}
@article{Cloonan2008Jul,
	author = {Cloonan, Nicole and Forrest, Alistair R. R. and Kolle, Gabriel and Gardiner, Brooke B. A. and Faulkner, Geoffrey J. and Brown, Mellissa K. and Taylor, Darrin F. and Steptoe, Anita L. and Wani, Shivangi and Bethel, Graeme and Robertson, Alan J. and Perkins, Andrew C. and Bruce, Stephen J. and Lee, Clarence C. and Ranade, Swati S. and Peckham, Heather E. and Manning, Jonathan M. and McKernan, Kevin J. and Grimmond, Sean M.},
	title = {{Stem cell transcriptome profiling via massive-scale mRNA sequencing}},
	journal = {Nat. Methods},
	volume = {5},
	pages = {613--619},
	year = {2008},
	month = {Jul},
	issn = {1548-7105},
	publisher = {Nature Publishing Group},
	doi = {10.1038/nmeth.1223}
}
@article{Sarkar2019Apr,
	author = {Sarkar, Abhishek K. and Tung, Po-Yuan and Blischak, John D. and Burnett, Jonathan E. and Li, Yang I. and Stephens, Matthew and Gilad, Yoav},
	title = {{Discovery and characterization of variance QTLs in human induced pluripotent stem cells}},
	journal = {PLos Genet.},
	volume = {15},
	number = {4},
	pages = {e1008045},
	year = {2019},
	month = {Apr},
	issn = {1553-7404},
	publisher = {Public Library of Science},
	doi = {10.1371/journal.pgen.1008045}
}
@article{Jividen2018Dec,
	author = {Jividen, Kasey and Kedzierska, Katarzyna Z. and Yang, Chun-Song and Szlachta, Karol and Ratan, Aakrosh and Paschal, Bryce M.},
	title = {{Genomic analysis of DNA repair genes and androgen signaling in prostate cancer}},
	journal = {BMC Cancer},
	volume = {18},
	number = {1},
	pages = {1--20},
	year = {2018},
	month = {Dec},
	issn = {1471-2407},
	publisher = {BioMed Central},
	doi = {10.1186/s12885-018-4848-x}
}
@article{Lukk2010Apr,
	author = {Lukk, Margus and Kapushesky, Misha and Nikkil{\ifmmode\ddot{a}\else\"{a}\fi}, Janne and Parkinson, Helen and Goncalves, Angela and Huber, Wolfgang and Ukkonen, Esko and Brazma, Alvis},
	title = {{A global map of human gene expression}},
	journal = {Nat. Biotechnol.},
	volume = {28},
	pages = {322--324},
	year = {2010},
	month = {Apr},
	issn = {1546-1696},
	publisher = {Nature Publishing Group},
	doi = {10.1038/nbt0410-322}
}
@article{Papatheodorou2020Jan,
	author = {Papatheodorou, Irene and Moreno, Pablo and Manning, Jonathan and Fuentes, Alfonso Mu{\ifmmode\tilde{n}\else\~{n}\fi}oz-Pomer and George, Nancy and Fexova, Silvie and Fonseca, Nuno A. and F{\ifmmode\ddot{u}\else\"{u}\fi}llgrabe, Anja and Green, Matthew and Huang, Ni and Huerta, Laura and Iqbal, Haider and Jianu, Monica and Mohammed, Suhaib and Zhao, Lingyun and Jarnuczak, Andrew F. and Jupp, Simon and Marioni, John and Meyer, Kerstin and Petryszak, Robert and Prada Medina, Cesar Augusto and Talavera-L{\ifmmode\acute{o}\else\'{o}\fi}pez, Carlos and Teichmann, Sarah and Vizcaino, Juan Antonio and Brazma, Alvis},
	title = {{Expression Atlas update: from tissues to single cells}},
	journal = {Nucleic Acids Res.},
	volume = {48},
	number = {D1},
	pages = {D77--D83},
	year = {2020},
	month = {Jan},
	issn = {0305-1048},
	publisher = {Oxford Academic},
	doi = {10.1093/nar/gkz947}
}
@article{Barrett2013Jan,
	author = {Barrett, Tanya and Wilhite, Stephen E. and Ledoux, Pierre and Evangelista, Carlos and Kim, Irene F. and Tomashevsky, Maxim and Marshall, Kimberly A. and Phillippy, Katherine H. and Sherman, Patti M. and Holko, Michelle and Yefanov, Andrey and Lee, Hyeseung and Zhang, Naigong and Robertson, Cynthia L. and Serova, Nadezhda and Davis, Sean and Soboleva, Alexandra},
	title = {{NCBI GEO: archive for functional genomics data sets{\ifmmode---\else\textemdash\fi}update}},
	journal = {Nucleic Acids Res.},
	volume = {41},
	number = {D1},
	pages = {D991--D995},
	year = {2013},
	month = {Jan},
	issn = {0305-1048},
	publisher = {Oxford Academic},
	doi = {10.1093/nar/gks1193}
}
@article{Athar2019Jan,
	author = {Athar, A. and F{\ifmmode\ddot{u}\else\"{u}\fi}llgrabe, A. and George, N. and Iqbal, H. and Huerta, L. and Ali, A. and Snow, C. and N. A., Fonseca and Petryszak, R. and Papatheodorou, I. and Sarkans, U. and Brazma, A.},
	title = {{ArrayExpress update - from bulk to single-cell expression data.}},
	journal = {Nucleic Acids Res.},
	volume = {47},
	number = {D1},
	pages = {D711--D715},
	year = {2019},
	month = {Jan},
	issn = {0305-1048},
	doi = {10.1093/nar/gky964}
}
@article{deMagalhaes2003Mar,
	author = {de Magalh{\ifmmode\tilde{a}\else\~{a}\fi}es, Jo{\ifmmode\tilde{a}\else\~{a}\fi}o Pedro},
	title = {{Is mammalian aging genetically controlled?}},
	journal = {Biogerontology},
	volume = {4},
	number = {2},
	pages = {119--120},
	year = {2003},
	month = {Mar},
	issn = {1573-6768},
	publisher = {Kluwer Academic Publishers},
	doi = {10.1023/A:1023356005749}
}
@article{Fiers1976Apr,
	author = {Fiers, W. and Contreras, R. and Duerinck, F. and Haegeman, G. and Iserentant, D. and Merregaert, J. and Jou, W. Min and Molemans, F. and Raeymaekers, A. and Van den Berghe, A. and Volckaert, G. and Ysebaert, M.},
	title = {{Complete nucleotide sequence of bacteriophage MS2 RNA: primary and secondary structure of the replicase gene}},
	journal = {Nature},
	volume = {260},
	pages = {500--507},
	year = {1976},
	month = {Apr},
	issn = {1476-4687},
	publisher = {Nature Publishing Group},
	doi = {10.1038/260500a0}
}
@article{Jeppesen1970Apr,
	author = {Jeppesen, P. G. N. and Steitz, J. Argetsinger and Gesteland, R. F. and Spahr, P. F.},
	title = {{Gene Order in the Bacteriophage R17 RNA : 5{${'}$}{\textendash};A Protein{\textendash}Coat Protein{\textendash}Synthetase{\textendash}3{${'}$}}},
	journal = {Nature},
	volume = {226},
	pages = {230--237},
	year = {1970},
	month = {Apr},
	issn = {1476-4687},
	publisher = {Nature Publishing Group},
	doi = {10.1038/226230a0}
}
@article{Sanger1975May,
	author = {Sanger, F. and Coulson, A. R.},
	title = {{A rapid method for determining sequences in DNA by primed synthesis with DNA polymerase}},
	journal = {J. Mol. Biol.},
	volume = {94},
	number = {3},
	pages = {441--448},
	year = {1975},
	month = {May},
	issn = {0022-2836},
	publisher = {Academic Press},
	doi = {10.1016/0022-2836(75)90213-2}
}
@article{Temin1970Jun,
	author = {Temin, Howard M. and Mizutani, Satoshi},
	title = {{Viral RNA-dependent DNA Polymerase: RNA-dependent DNA Polymerase in Virions of Rous Sarcoma Virus}},
	journal = {Nature},
	volume = {226},
	pages = {1211--1213},
	year = {1970},
	month = {Jun},
	issn = {1476-4687},
	publisher = {Nature Publishing Group},
	doi = {10.1038/2261211a0}
}
@article{Ying2004Jul,
	author = {Ying, Shao-Yao},
	title = {{Complementary DNA libraries}},
	journal = {Mol. Biotechnol.},
	volume = {27},
	number = {3},
	pages = {245--252},
	year = {2004},
	month = {Jul},
	issn = {1559-0305},
	publisher = {Humana Press},
	doi = {10.1385/MB:27:3:245}
}
@article{Marra1998Jan,
	author = {Marra, Marco A. and Hillier, Ladeana and Waterston, Robert H.},
	title = {{Expressed sequence tags {\ifmmode---\else\textemdash\fi} ESTablishing bridges between genomes}},
	journal = {Trends Genet.},
	volume = {14},
	number = {1},
	pages = {4--7},
	year = {1998},
	month = {Jan},
	issn = {0168-9525},
	publisher = {Elsevier},
	doi = {10.1016/S0168-9525(97)01355-3}
}
@article{Becker-Andre1989Nov,
	author = {Becker-Andr{\ifmmode\acute{e}\else\'{e}\fi}, Michael and Hahlbrock, Klaus},
	title = {{Absolute mRNA quantification using the polymerase chain reaction (PCR). A novel approach by a PCR aided transcipt titration assay (PATTY)}},
	journal = {Nucleic Acids Res.},
	volume = {17},
	number = {22},
	pages = {9437--9446},
	year = {1989},
	month = {Nov},
	issn = {0305-1048},
	publisher = {Oxford Academic},
	doi = {10.1093/nar/17.22.9437}
}
@article{Velculescu1995Oct,
	author = {Velculescu, Victor E. and Zhang, Lin and Vogelstein, Bert and Kinzler, Kenneth W.},
	title = {{Serial Analysis of Gene Expression}},
	journal = {Science},
	volume = {270},
	number = {5235},
	pages = {484--487},
	year = {1995},
	month = {Oct},
	issn = {0036-8075},
	publisher = {American Association for the Advancement of Science},
	doi = {10.1126/science.270.5235.484}
}
@article{Lowe2017May,
	author = {Lowe, Rohan and Shirley, Neil and Bleackley, Mark and Dolan, Stephen and Shafee, Thomas},
	title = {{Transcriptomics technologies}},
	journal = {PLoS Comput. Biol.},
	volume = {13},
	number = {5},
	pages = {e1005457},
	year = {2017},
	month = {May},
	issn = {1553-7358},
	publisher = {Public Library of Science},
	doi = {10.1371/journal.pcbi.1005457}
}
@article{Lenoir2006,
	author = {Lenoir, Tim and Giannella, Eric},
	title = {{The emergence and diffusion of DNA microarray technology}},
	journal = {J. Biomed. Discovery Collab.},
	volume = {1},
	pages = {11},
	year = {2006},
	publisher = {University of Illinois at Chicago Library},
	doi = {10.1186/1747-5333-1-11}
}
@article{Schena1995Oct,
	author = {Schena, Mark and Shalon, Dari and Davis, Ronald W. and Brown, Patrick O.},
	title = {{Quantitative Monitoring of Gene Expression Patterns with a Complementary DNA Microarray}},
	journal = {Science},
	volume = {270},
	number = {5235},
	pages = {467--470},
	year = {1995},
	month = {Oct},
	issn = {0036-8075},
	publisher = {American Association for the Advancement of Science},
	doi = {10.1126/science.270.5235.467}
}
@article{Nagalakshmi2008Jun,
	author = {Nagalakshmi, Ugrappa and Wang, Zhong and Waern, Karl and Shou, Chong and Raha, Debasish and Gerstein, Mark and Snyder, Michael},
	title = {{The Transcriptional Landscape of the Yeast Genome Defined by RNA Sequencing}},
	journal = {Science},
	volume = {320},
	number = {5881},
	pages = {1344--1349},
	year = {2008},
	month = {Jun},
	issn = {0036-8075},
	publisher = {American Association for the Advancement of Science},
	doi = {10.1126/science.1158441}
}
@article{Cheung2006Dec,
	author = {Cheung, Foo and Haas, Brian J. and Goldberg, Susanne M. D. and May, Gregory D. and Xiao, Yongli and Town, Christopher D.},
	title = {{Sequencing Medicago truncatula expressed sequenced tags using 454 Life Sciences technology}},
	journal = {BMC Genomics},
	volume = {7},
	number = {1},
	pages = {1--10},
	year = {2006},
	month = {Dec},
	issn = {1471-2164},
	publisher = {BioMed Central},
	doi = {10.1186/1471-2164-7-272}
}
@article{Wang2009Jan,
	author = {Wang, Zhong and Gerstein, Mark and Snyder, Michael},
	title = {{RNA-Seq: a revolutionary tool for transcriptomics}},
	journal = {Nat. Rev. Genet.},
	volume = {10},
	pages = {57--63},
	year = {2009},
	month = {Jan},
	issn = {1471-0064},
	publisher = {Nature Publishing Group},
	doi = {10.1038/nrg2484}
}
@article{Thompson2001Apr,
	author = {Thompson, Arthur and Lucchini, Sacha and Hinton, Jay C. D.},
	title = {{It's easy to build your own microarrayer!}},
	journal = {Trends Microbiol.},
	volume = {9},
	number = {4},
	pages = {154--156},
	year = {2001},
	month = {Apr},
	issn = {0966-842X},
	publisher = {Elsevier},
	doi = {10.1016/S0966-842X(01)01977-1}
}
@article{Bumgarner2013Jan,
	author = {Bumgarner, Roger},
	title = {{Overview of DNA Microarrays: Types, Applications, and Their Future}},
	journal = {Current Protocols in Molecular Biology},
	volume = {101},
	number = {1},
	pages = {22.1.1--22.1.11},
	year = {2013},
	month = {Jan},
	issn = {1934-3639},
	publisher = {John Wiley {\&} Sons, Ltd},
	doi = {10.1002/0471142727.mb2201s101}
}
@article{Koltai2008Apr,
	author = {Koltai, Hinanit and Weingarten-Baror, Carmiya},
	title = {{Specificity of DNA microarray hybridization: characterization, effectors and approaches for data correction}},
	journal = {Nucleic Acids Res.},
	volume = {36},
	number = {7},
	pages = {2395--2405},
	year = {2008},
	month = {Apr},
	issn = {0305-1048},
	publisher = {Oxford Academic},
	doi = {10.1093/nar/gkn087}
}
@article{Liu2010,
  doi = {10.2741/e93},
  url = {https://doi.org/10.2741/e93},
  year = {2010},
  publisher = {Bioscience Research Institute Pte. Ltd.},
  volume = {E2},
  number = {1},
  pages = {325--338},
  author = {Hongfang Liu},
  title = {Microarray probes and probe sets},
  journal = {Frontiers in Bioscience}
}
@article{Nesterov-Mueller2014Oct,
	author = {Nesterov-Mueller, Alexander and Maerkle, Frieder and Hahn, Lothar and Foertsch, Tobias and Schillo, Sebastian and Bykovskaya, Valentina and Sedlmayr, Martyna and Weber, Laura K. and Ridder, Barbara and Soehindrijo, Miriam and Muenster, Bastian and Striffler, Jakob and Bischoff, F. Ralf and Breitling, Frank and Loeffler, Felix F.},
	title = {{Particle-Based Microarrays of Oligonucleotides and Oligopeptides}},
	journal = {Microarrays},
	volume = {3},
	number = {4},
	pages = {245--262},
	year = {2014},
	month = {Oct},
	issn = {2076-3905},
	publisher = {Multidisciplinary Digital Publishing Institute},
	doi = {10.3390/microarrays3040245}
}
@article{Petrov2004Nov,
	author = {Petrov, Anton and Shams, Soheil},
	title = {{Microarray Image Processing and Quality Control}},
	journal = {The. Journal of VLSI Signal Processing-Systems. for Signal, Image, and Video Technology},
	volume = {38},
	number = {3},
	pages = {211--226},
	year = {2004},
	month = {Nov},
	publisher = {Kluwer Academic Publishers},
	doi = {10.1023/B:VLSI.0000042488.08307.ad}
}
@article{Lukac2005May,
	author = {Lukac, Rastislav and Plataniotis, Konstantinos N. and Smolka, Bogdan and Venetsanopoulos, Anastasios N.},
	title = {{cDNA microarray image processing using fuzzy vector filtering framework}},
	journal = {Fuzzy Sets Syst.},
	volume = {152},
	number = {1},
	pages = {17--35},
	year = {2005},
	month = {May},
	issn = {0165-0114},
	publisher = {North-Holland},
	doi = {10.1016/j.fss.2004.10.012}
}
@article{Smyth2003Dec,
	author = {Smyth, Gordon K. and Speed, Terry},
	title = {{Normalization of cDNA microarray data}},
	journal = {Methods},
	volume = {31},
	number = {4},
	pages = {265--273},
	year = {2003},
	month = {Dec},
	issn = {1046-2023},
	publisher = {Academic Press},
	doi = {10.1016/S1046-2023(03)00155-5}
}
